3642 5259
837 349 923 407 Liber
942 349 992 407 111.
1029 352 1143 407 23-51.

491 586 588 652 qnam
612 571 686 629 sunt
709 572 791 647 acta,
815 567 944 653 loquor3
968 565 1137 632 Romanae
1159 569 1266 653 gentis
1289 569 1379 654 origo

490 679 600 758 totque
624 672 722 737 duces
745 674 845 757 urbis,
870 682 917 739 tot
938 674 1026 739 bella
1050 680 1146 760 atque
1170 676 1246 758 otia,
1270 681 1303 739 et
1325 677 1431 741 omnis

450 804 477 849 ιι
490 782 523 845 in
547 782 658 866 populi
682 780 776 845 unius
800 783 888 867 leges
913 789 949 847 ut
972 783 1104 848 cesserit
1126 784 1223 864 orbis,

490 888 645 953 differtur.
691 888 787 953 facite
810 894 871 971 est,
895 892 1002 955 uentis
1026 891 1104 954 dare
1127 892 1201 956 uela
1224 891 1376 956 secundis

490 996 729 1081 fecundumque
753 997 855 1063 solum
881 999 990 1064 uarias
1013 999 1138 1084 agitare
1161 1019 1220 1084 per
1242 1005 1329 1063 artes

490 1124 634 1189 auroque
658 1110 755 1190 atque
779 1104 869 1170 ebori
892 1106 992 1171 decue
1016 1105 1147 1187 addere,
1172 1127 1245 1171 cum
1268 1106 1358 1171 rudis
1382 1107 1453 1191 ipsa

489 1212 640 1276 materies
664 1211 774 1275 niteat.
821 1214 975 1297 speciosis
999 1213 1138 1277 condere
1161 1214 1258 1278 rebus

449 1343 476 1385 so
491 1320 635 1383 carmina
657 1320 825 1404 uulgatum
849 1327 898 1385 eet
921 1342 1002 1405 opus
1026 1328 1058 1384 et
1082 1340 1276 1405 componere
1300 1321 1446 1406 simplex.

490 1433 522 1492 at
544 1427 623 1491 mihi
645 1448 704 1513 per
728 1448 877 1493 numeros
901 1429 1077 1515 ignotaque
1101 1428 1234 1493 nomina
1257 1450 1366 1493 rerum

487 1542 697 1620 temporaque
721 1542 753 1598 et
777 1536 884 1600 uarios
909 1558 1003 1601 casus
1026 1544 1255 1621 momentaque
1278 1537 1390 1600 mundi

489 1644 719 1728 signorumque
742 1630 831 1709 uices
855 1650 1029 1729 partesque
1053 1644 1255 1729 inpartibus
1279 1644 1357 1730 ipsis

486 1750 674 1814 luctandum
700 1756 757 1832 eet,
782 1772 866 1836 quae
890 1773 985 1816 nosse
1009 1752 1117 1832 nimie,
1141 1751 1240 1836 quid?
1265 1752 1372 1815 dicere
1393 1758 1549 1836 quantum
1571 1752 1641 1817 est?

448 1882 474 1925 ao
488 1858 631 1922 carmine
655 1858 730 1943 quid
755 1858 905 1943 proprio?
930 1859 1067 1944 pedibus
1091 1859 1169 1944 quid
1191 1859 1327 1943 iungere
1350 1858 1466 1923 certis?

487 1966 550 2030 huc
575 1964 662 2047 ades,
687 1988 705 2029 o
729 1966 925 2051 quicumque
949 1968 1029 2031 meis
1053 1967 1223 2031 aduertere
1247 1967 1369 2051 coeptis

487 2093 598 2137 auram
623 2073 796 2158 oculosque
820 2080 923 2158 potes,
948 2095 1043 2138 ueras
1067 2079 1099 2137 et
1122 2074 1252 2159 percipe
1277 2094 1383 2139 uoces.

486 2180 654 2266 impendas
678 2180 837 2261 animum;
862 2201 922 2245 nec
946 2181 1054 2245 dulcia
1077 2181 1222 2245 earmina
1245 2202 1393 2265 quaeras.

487 2288 595 2352 ornari
618 2308 669 2352 res
692 2288 764 2372 ipsa
788 2293 885 2372 negat
909 2294 1061 2352 contenta
1084 2289 1202 2351 doceri.

446 2420 473 2464 oo
487 2402 520 2461 et
543 2397 569 2460 si
593 2416 658 2481 qna
681 2402 813 2459 externa
837 2396 1018 2461 referentur
1040 2397 1174 2461 nomina
1197 2396 1319 2480 lingua,

487 2504 548 2569 hoc
572 2504 688 2588 operis,
712 2524 777 2567 non
802 2504 885 2567 uatis
910 2504 985 2583 erit3
1010 2525 1074 2568 non
1098 2505 1208 2567 omnia
1231 2503 1317 2568 flecti

488 2617 621 2696 possunt
644 2616 676 2675 et
699 2610 829 2696 propria
852 2611 968 2675 melius
992 2611 1052 2675 sub
1076 2632 1157 2676 uoce
1180 2617 1342 2675 notantur.

540 2740 625 2782 nune
650 2740 711 2803 age
733 2718 843 2782 subtili
866 2739 935 2781 rem
960 2739 1119 2782 summam
1143 2717 1290 2803 perspice
1315 2740 1402 2801 cura,

489 2848 572 2911 qnae
595 2826 653 2889 tibi
679 2826 869 2910 praecipuos
893 2847 970 2889 usus
993 2832 1172 2890 monstrata
1195 2826 1357 2890 ministrat

447 2957 474 3001 ιι
488 2939 520 2998 ct
543 2940 647 2997 certas
672 2932 727 2996 dat
750 2933 783 2995 in
809 2938 877 2995 arte
902 2933 972 2995 uias
995 2932 1036 2997 ad
1059 2933 1128 2997 fata
1150 2932 1302 3014 uidenda,

412 3124 415 3131 ,
487 3042 513 3107 si
537 3042 621 3106 benc
644 3040 823 3105 constiterit
845 3038 994 3122 uigilanti
1018 3041 1147 3105 condita
1171 3061 1277 3105 sensu.

485 3148 681 3233 principium
704 3167 812 3211 rerum
837 3152 869 3209 et
892 3152 999 3211 custos
1023 3154 1140 3211 natura
1162 3148 1318 3211 latentum

486 3277 585 3342 quum
609 3261 716 3319 tautae
740 3259 878 3317 strueret
903 3255 1004 3320 moles
1026 3277 1085 3340 per
1107 3256 1237 3319 moenia
1261 3256 1371 3321 mundi

486 3370 519 3427 et
542 3361 745 3427 circumfusis
769 3361 879 3426 orbem
905 3363 1112 3427 concluderet
1136 3362 1230 3427 astris

446 3496 472 3537 ιο
487 3470 628 3555 undique
651 3470 846 3554 pendentem
871 3469 903 3534 in
928 3470 1070 3535 medium
1094 3470 1287 3556 diuerseque
1312 3472 1458 3548 membra

485 3578 650 3643 ordinibus
675 3579 770 3641 certis
794 3578 932 3642 sociaret
955 3600 1071 3664 corpus
1094 3579 1127 3642 in
1152 3600 1264 3661 unum,

432 3785 467 3839 23
484 3782 579 3838 diocto
591 3759 600 3835 1
620 3784 645 3836 si
661 3782 735 3849 facto
750 3796 790 3849 gc
808 3782 866 3837 siat
882 3789 942 3837 octo
955 3798 983 3837 m
1002 3782 1094 3851 loquor
1107 3782 1143 3849 13
1160 3783 1247 3851 liquor
1261 3798 1288 3837 m
1305 3813 1337 3820 —
1356 3787 1390 3838 24
1408 3762 1483 3847 orbdo
1495 3782 1504 3837 1
1523 3782 1597 3839 orbes
1608 3801 1639 3841 m

324 3882 396 3938 orbis
409 3896 448 3951 gc
467 3881 588 3936 atomo
607 3886 717 3949 arpeo
733 3914 765 3921 ψ
778 3882 810 3935 31
827 3898 859 3934 uc
872 3896 899 3935 m
914 3880 959 3947 (L)
975 3910 1007 3919 —
1023 3883 1058 3935 32
1070 3876 1269 3961 proaemqoqtl
1288 3899 1402 3950 prorum
1414 3898 1464 3951 quc
1476 3896 1503 3935 m
1522 3898 1641 3951 quorsom

324 3998 440 4051 preceque
452 3994 492 4049 gc
515 3995 590 4034 coste
608 3992 664 4035 om.
678 3994 706 4032 m
734 4008 765 4015 —-
790 3980 823 4033 34
847 3978 937 4047 quedl
962 3978 996 4048 qd
1009 3995 1052 4047 gc
1075 3979 1181 4047 quidm
1208 4010 1240 4017 --
1265 3981 1299 4035 35
1322 3980 1387 4049 quid
1400 3979 1547 4049 proprioo
1570 3982 1642 4049 quod

325 4078 481 4149 torperetg
504 4063 566 4146 dds
589 4076 653 4145 quid
667 4092 694 4130 m
719 4111 753 4119 -
779 4076 847 4131 360
871 4092 926 4131 om.
940 4092 970 4132 m
993 4080 1100 4146 ceptior
1126 4106 1158 4116 —-
1183 4080 1215 4131 31
1233 4093 1383 4146 pererrem
1407 4078 1639 4147 aequitates?

324 4177 355 4233 in
375 4177 432 4246 lgc
456 4206 488 4215 -
514 4178 548 4231 38
567 4174 698 4243 inpendet
714 4190 744 4229 m
766 4175 904 4243 outnroeg
927 4175 1005 4229 drocis
1020 4191 1047 4231 m
1072 4205 1104 4213 —
1129 4178 1165 4230 40
1183 4177 1342 4245 referantur
1358 4192 1378 4245 3
1403 4204 1435 4213 -
1458 4178 1492 4229 4¹2
1517 4177 1584 4245 post
1602 4178 1639 4231 42

325 4274 409 4330 addit
419 4290 449 4345 g:
463 4274 530 4343 erpi.
542 4255 595 4328 Pi
607 4301 638 4310 -
653 4272 778 4342 spatium
794 4271 918 4327 duarum
932 4272 1076 4327 linearum
1091 4274 1120 4328 iu
1135 4273 1145 4328 1
1164 4302 1197 4311 -
1211 4274 1279 4328 ante
1290 4276 1324 4328 43
1337 4274 1367 4328 in
1382 4288 1486 4341 marga
1500 4272 1545 4326 De
1556 4274 1640 4329 cittis

323 4372 391 4443 quod
407 4373 465 4428 siut
479 4372 553 4427 athlo
569 4375 595 4425 et
610 4375 674 4441 quot
688 4371 745 4426 sim
760 4388 822 4425 omo
839 4377 863 4423 et
880 4387 948 4439 quoa
963 4371 1039 4425 uires
1055 4375 1082 4425 ct
1097 4389 1148 4441 quc
1164 4372 1257 4427 ordint
1275 4371 1410 4425 totcontl
1430 4370 1462 4425 dc
1475 4371 1556 4439 sotiis
1571 4371 1639 4440 quid

322 4472 361 4527 ait
374 4471 432 4525 otiu
448 4474 475 4525 ct
490 4469 558 4541 quod
573 4470 630 4525 einr
645 4486 677 4523 co
694 4473 721 4523 ct
735 4486 786 4538 que
802 4468 910 4523 nornine
930 4472 957 4522 ct
972 4486 1037 4537 qwu
1056 4470 1128 4524 cirea
1145 4474 1170 4523 et
1188 4487 1265 4539 quem
1284 4469 1407 4524 ordinem
1427 4468 1544 4523 morant
1555 4483 1583 4524 m
1602 4498 1636 4507 —

323 4538 1638 4647 43Ιιηι1-44ιι1ιιίιίναιο-45431οὼ1311]-411αίειι1ιιιι1ιιι1αίοιι11ἒιιι3

324 4678 531 4733 Ιαίθηὶιιηιο-
558 4674 792 4741 ὅθιιιιιώναΙ3
886 4730 888 4735 ,
