3642 5259
694 368 779 425 biber
799 369 831 425 ll.
869 372 1020 427 253-281.

362 606 487 669 quaeue
511 584 631 651 iacent:
656 606 774 651 cancer
797 586 942 672 patulam
966 589 1124 657 distentus
1148 592 1182 656 in
1205 594 1325 676 aluum,

362 694 504 778 scorpios
527 694 718 759 incumbens
741 694 838 781 plano
862 697 922 762 sub
945 704 1076 783 pectore
1098 704 1216 781 terras,

308 802 395 867 assiu
418 800 502 865 latus
525 800 647 887 obliqui
670 802 773 887 pisces
797 824 990 890 semperque
1011 806 1163 871 iacentes.

413 908 527 993 quodsi
550 908 672 974 sollerti
696 909 917 997 circumspicis
940 914 1050 978 omnia
1072 935 1160 995 cura,

363 1014 513 1081 fraudata
535 1017 681 1081 inuenies
704 1017 831 1083 amissis
854 1020 962 1085 sidera
984 1022 1147 1087 membris.

361 1123 502 1208 scorpios
525 1124 558 1189 in
582 1125 665 1189 libra
689 1127 850 1192 consumit
872 1128 1033 1210 bracchia,
1057 1134 1168 1194 taurus

363 1231 498 1296 succidit
520 1233 553 1296 in
577 1253 676 1298 curuo
701 1233 834 1298 claudus
858 1234 950 1319 pede,
975 1236 1099 1301 lumina
1122 1258 1238 1302 cancro

310 1360 350 1403 aco
364 1339 489 1417 desunt,
514 1345 668 1405 centauro
692 1348 839 1427 superest
861 1348 892 1407 et
916 1344 1083 1428 quaeritur
1104 1366 1215 1409 uuum.

364 1446 409 1510 sic
433 1454 559 1512 nostros
583 1468 677 1513 casus
700 1448 823 1513 solatur
845 1451 987 1516 mundus
1008 1452 1042 1516 in
1066 1453 1162 1517 astris

268 1622 270 1625 ,
364 1552 576 1639 exemploque
599 1555 694 1620 docet
715 1555 876 1641 patienter
897 1557 1018 1623 damna
1040 1560 1158 1638 subire,

364 1663 469 1726 omnis
492 1684 565 1727 cum
590 1664 679 1727 caelo
702 1662 850 1729 fortunae
873 1666 1015 1750 pendeat
1035 1666 1125 1750 ordo,

365 1769 498 1854 ipsaque
522 1769 681 1837 debilibus
704 1771 886 1837 formentur
907 1773 1016 1839 sidera
1038 1775 1202 1840 membris.

311 1900 351 1942 uss
419 1878 617 1963 temporibus
640 1898 767 1966 quoque
791 1886 866 1945 suut
888 1884 1027 1968 propriis
1048 1882 1204 1968 pollentia
1226 1884 1333 1967 signa:
1369 1884 1374 1891 ’

366 1990 471 2050 aestas
495 2007 514 2049 a
537 1988 685 2071 geminis,
710 1993 884 2053 autumnus
907 1989 1035 2074 uirgine
1057 1990 1171 2075 surgit,

365 2092 481 2158 bruma
505 2094 694 2179 sagittifero,
719 2116 778 2161 uer
799 2096 942 2181 piscibus
964 2097 1078 2184 incipit
1100 2118 1181 2162 esse.

281 2284 283 2287 Ι
366 2206 518 2285 quattuor
540 2202 573 2266 in
596 2208 705 2287 partes
728 2203 914 2268 scribuntur
935 2204 1042 2269 sidem
1065 2210 1168 2279 terna,

367 2307 502 2373 hiberna
526 2310 667 2392 aestiuis,
691 2312 855 2375 autumnis
877 2331 981 2377 uerna
1003 2318 1194 2397 repugnant

313 2435 353 2480 aro
421 2436 480 2481 nec
503 2416 581 2481 satis
604 2422 654 2481 est
675 2418 823 2503 proprias
846 2418 1013 2503 signorum
1036 2438 1171 2484 noscere
1194 2418 1330 2500 formam

366 2543 525 2587 consensu
548 2545 676 2610 quoque
699 2524 767 2589 lata
791 2532 924 2590 mouent
945 2532 979 2590 et
1000 2525 1132 2590 loedere
1155 2525 1299 2610 gaudent

367 2635 465 2715 atque
488 2630 560 2695 aliis
583 2631 665 2696 aliae
689 2632 865 2697 succedunt
888 2638 975 2697 sorte
997 2633 1142 2718 locoque.

369 2737 508 2803 circulus
532 2743 568 2801 ut
589 2737 672 2803 flexo
696 2739 862 2824 signorum
886 2740 1048 2805 clauditur
1070 2740 1158 2821 orbe,

368 2847 401 2910 in
424 2846 483 2910 tris
506 2843 651 2930 aequalis
675 2845 826 2911 discurrit
847 2846 936 2912 linea
958 2846 1075 2913 ductus

315 2974 355 3017 ars
368 2953 466 3037 inque
489 2952 595 3017 uicem
619 2953 771 3018 extremis
793 2954 899 3039 iungit
921 2974 956 3019 se
977 2953 1097 3021 finibus
1119 2956 1199 3041 ipsa,

370 3065 402 3124 et
425 3080 647 3145 quaecumque
671 3060 757 3141 ferit,
781 3061 932 3127 dicuntur
955 3062 1050 3147 signa
1071 3064 1210 3148 trigona,

369 3167 403 3230 iu
427 3168 489 3231 tria
511 3169 648 3253 partitus
672 3168 759 3253 quod
781 3175 830 3233 ter
852 3169 940 3234 cadit
962 3170 1101 3255 angulus
1124 3176 1222 3251 astra,

370 3294 453 3358 quae
477 3274 580 3339 diuisa
603 3282 736 3342 manent
758 3277 858 3341 ternis
880 3277 1035 3342 distantia
1057 3276 1168 3361 signis.

369 3380 496 3466 laniger
519 3404 559 3447 ex
581 3384 714 3468 paribus
737 3384 849 3469 spatiis
872 3383 937 3449 duo
960 3384 1064 3468 sigua,
1087 3384 1191 3450 leonis

317 3510 357 3554 reo
371 3494 467 3574 atque
491 3490 658 3575 sagittari„
671 3490 800 3556 diuerso
823 3492 981 3577 conspicit
1003 3497 1085 3557 ortu

370 3596 504 3681 uirginis
528 3603 561 3662 et
582 3599 667 3662 tauri
691 3598 878 3684 capricorno
902 3604 1060 3664 consonat
1081 3604 1214 3664 astrum.

1377 3752 1422 3786 400
1450 3758 1487 3785 010

320 3758 1523 3871 cremonemegmmmm-nrmearmammmgmpdmg

211 3916 320 3969 corpore
338 3916 359 3951 ω
384 3930 415 3937 -
442 3902 493 3955 :355
512 3898 623 3969 obliquis
640 3898 672 3955 lc
695 3932 728 3941 -
753 3900 821 3954 aute
840 3902 892 3955 256
911 3916 978 3968 proc
994 3899 1051 3953 siat
1068 3898 1165 3953 debilia
1180 3914 1234 3968 gm
1263 3898 1315 3955 256
1337 3898 1436 3953 sallent
1452 3912 1469 3952 o
1488 3930 1522 3941 -

212 4000 265 4053 257
288 3998 510 4067 menbrisgl-
535 3999 751 4067 258scorps'oso
775 4030 808 4038 --
833 3989 1017 4067 ‘259pidelm
1038 3996 1141 4066 pmcn)
1168 3996 1316 4051 metito
1340 3996 1465 4051 cancrio
1489 4024 1522 4035 -

212 4098 266 4152 ooo
283 4098 391 4151 neom
409 4126 443 4135 -
461 4098 510 4151 aer
530 4098 663 4151 moon
682 4122 714 4133 —
733 4094 987 4162 torpacicotorm
1006 4095 1137 4163 rupem
1156 4122 1188 4131 -
1205 4096 1257 4149 scr
1275 4093 1524 4187 morogln7

213 4196 281 4251 ants
295 4194 347 4249 265
364 4210 432 4263 qaue
447 4193 571 4249 comalio
582 4192 722 4249 contactio
738 4192 908 4247 autumnalia
921 4192 1078 4261 hicmalicg
1096 4207 1126 4246 m
1142 4192 1287 4259 (namra)
1302 4220 1335 4229 —
1352 4193 1404 4247 267
1416 4192 1523 4262 saplut-

211 4292 299 4362 fcrol
321 4292 369 4348 πᾶν
386 4306 413 4346 m
434 4319 468 4331 -
488 4293 539 4347 268
557 4291 674 4360 pascal
694 4285 924 4360 parrbgparm
940 4306 969 4346 m
990 4294 1058 4345 erre
1076 4289 1119 4343 lm
1139 4317 1172 4327 —
1191 4290 1261 4344 ante
1277 4290 1331 4343 270
1347 4306 1415 4357 qam
1432 4307 1525 4346 coram

214 4388 529 4459 dcutrcaatriaistrcg
546 4392 993 4459 praecautcctccrumaasm-
1009 4390 1060 4442 272
1078 4387 1174 4442 etism
1190 4364 1419 4455 maegcllom
1435 4403 1523 4458 gc-
1580 4380 1586 4389 ’

215 4470 1198 4556 aremeoo-·crctrbaoqm1b1rroctreasquansgm
1227 4512 1259 4521 -
1285 4485 1524 4554 erumnam

213 4586 373 4659 paramo
399 4614 431 4623 -
456 4586 707 4655 eremperto
731 4614 764 4621 -
789 4587 843 4639 rso
865 4582 1087 4654 merim
1109 4580 1525 4649 mmmmm)

213 4684 321 4754 aspice.
