3642 5259
699 396 785 453 Liber
804 395 823 451 l.
862 399 1012 454 619-648.

360 634 482 700 perque
505 613 604 700 pedes
627 614 748 699 primos
771 614 931 679 ceruicem
955 616 1071 679 transit
1093 621 1126 679 et
1148 636 1253 697 ursae,

306 745 348 787 eac
362 744 459 808 quam
483 728 606 807 septem
630 722 742 786 stellae
765 722 903 808 primam
927 722 992 787 iam
1015 710 1089 839 sclj
1108 730 1232 787 remoto
1304 697 1377 820 As

362 829 544 915 producunt
567 830 679 915 nigrae
703 830 913 914 praebentem
935 830 1060 894 lumine
1082 832 1180 909 nocti,

362 943 394 1002 et
416 936 554 1023 geminis
577 957 730 1001 cancrum
754 936 876 1002 dirimit
899 937 1092 1023 stringitque
1115 938 1305 1022 flagrantem

363 1066 418 1110 ore
442 1066 557 1110 canem
581 1045 774 1131 clauumque
797 1046 885 1127 ratis,
910 1067 995 1131 quae
1018 1047 1141 1111 uicerat
1163 1067 1294 1132 aequor.

252 1138 256 1145 ⁵
362 1152 437 1218 inde
461 1174 554 1217 axem
578 1153 740 1217 occultum
763 1173 822 1239 per
843 1153 915 1239 gyri
937 1153 1031 1239 signa
1053 1153 1170 1239 prioris

309 1286 349 1327 cas
363 1268 549 1327 transuersa
571 1266 669 1346 atque
692 1261 746 1325 illc
770 1282 881 1326 rursus
905 1262 945 1326 de
967 1262 1070 1326 limite
1092 1262 1198 1346 tangit

363 1375 405 1451 te,
428 1369 626 1453 capricorne,
651 1367 778 1454 tuisque
802 1369 944 1454 aquilam
968 1370 1117 1455 designat
1139 1370 1180 1435 ab
1204 1370 1299 1434 astris

345 1498 483 1563 'perque
505 1477 610 1562 lyram
633 1478 797 1541 inuersam
820 1498 954 1543 currens
977 1478 1145 1563 spicasque
1168 1478 1318 1542 draconis

363 1585 541 1671 posteriora
563 1583 683 1669 pedum
707 1582 894 1669 Cynosurae
917 1586 1072 1671 praeterit
1094 1590 1183 1649 astra

362 1700 645 1777 transuersamque
668 1698 756 1757 secat
779 1692 886 1757 uicino
910 1693 1042 1758 cardine
1065 1693 1212 1758 cendam.

309 1824 349 1865 eac
364 1800 416 1864 hic
439 1800 556 1865 iterum
581 1800 643 1865 coit
666 1800 735 1886 ipse
759 1800 820 1865 sibi
843 1802 1078 1867 memorande
1100 1801 1274 1887 profectos.

416 1915 512 1993 atque
535 1908 585 1972 his
609 1914 775 1973 aeternam
798 1908 939 1973 fixerunt
962 1915 1108 1994 tempora
1130 1910 1241 1973 sedem

361 2014 492 2080 inmotis
515 2036 573 2100 per
596 2015 689 2100 signa
711 2015 816 2081 modis
839 2015 977 2081 statione
999 2017 1144 2101 perenni.

362 2124 420 2188 hoe
444 2122 585 2187 uolucris
608 2122 714 2188 fecere
739 2124 834 2203 dnos3
858 2144 998 2209 namque
1021 2124 1103 2188 alter
1126 2124 1167 2188 ab
1190 2124 1261 2209 ipsa

363 2252 560 2317 consurgens
584 2230 699 2296 Helice
721 2232 863 2296 medinm
887 2232 1045 2316 praecidit
1068 2231 1243 2317 Olympum

309 2362 349 2404 ees
363 2339 580 2423 discernitque
604 2339 689 2403 diem
713 2347 901 2424 sextamque
925 2341 1090 2405 examinat
1111 2340 1226 2405 horam

362 2452 394 2510 et
416 2446 548 2531 paribus
571 2447 683 2532 spatiis
706 2468 839 2510 occasus
863 2448 967 2511 cernit
988 2454 1021 2511 et
1043 2453 1141 2511 crtus.

362 2554 414 2618 hic
438 2560 542 2618 mutat
563 2576 622 2639 per
644 2556 737 2639 signa
759 2555 861 2619 uices:
887 2575 946 2619 ceu
970 2556 997 2620 si
1020 2556 1091 2640 quie
1114 2576 1190 2619 eccs

363 2681 419 2726 seu
443 2662 524 2747 petit
546 2662 721 2748 hesperios,
746 2684 849 2747 supra
867 2684 902 2727 se
926 2662 1061 2727 circinat
1083 2663 1195 2727 orbem

362 2769 540 2834 uerticibus
563 2790 660 2854 snper
683 2774 841 2834 astantem
866 2770 1073 2856 mediumque
1096 2775 1260 2835 secantem

309 2897 349 2939 esc
363 2875 488 2940 caelum
512 2882 544 2941 et
567 2876 671 2941 diuiso
696 2878 877 2961 signantem
902 2877 1042 2943 culmine
1063 2878 1220 2942 mundum
1251 2925 1256 2935 .

309 3007 348 3047 111
363 3004 501 3070 cumque
524 2984 596 3049 loco
620 2990 725 3049 terrae
749 2984 940 3071 caelumque
964 2991 997 3051 et
1019 2993 1166 3073 tempora
1189 2990 1303 3064 mutat,

310 3091 492 3177 anquando
517 3091 588 3156 aliis
612 3091 700 3157 eliud
724 3092 865 3157 medium
891 3098 954 3173 est3
978 3093 1068 3158 uolat
1090 3093 1170 3157 hora
1193 3113 1252 3177 per·
1275 3091 1395 3168 orbem,

309 3222 348 3263 esc
362 3204 459 3283 atque
482 3199 538 3263 ubi
561 3200 731 3285 septimis
757 3200 880 3265 extollit
904 3199 1056 3266 Phoebus
1079 3200 1119 3265 ab
1144 3200 1246 3278 undis,

360 3306 425 3371 illis
449 3313 539 3371 sexta
562 3310 684 3391 menet,
709 3329 790 3393 quos
812 3313 882 3372 turn
905 3309 1023 3393 premit
1047 3330 1165 3373 aureus
1188 3308 1285 3372 orbis.

309 3438 348 3478 css
363 3435 474 3479 rursus
499 3415 539 3479 ad
563 3415 728 3501 hesperios
752 3421 842 3480 sexta
865 3422 923 3496 est,
948 3416 1004 3480 nbi
1026 3416 1112 3480 cedit
1133 3417 1167 3481 in
1190 3415 1337 3493 umbras3

363 3542 422 3585 nos
444 3522 582 3606 primam
607 3544 644 3587 ac
667 3543 828 3587 summam
851 3527 975 3588 sextam
999 3544 1207 3588 numeramus
1228 3528 1400 3606 utramque

363 3630 398 3693 et
421 3628 563 3713 gelidum
587 3636 730 3696 extremo
754 3631 863 3695 lumen
888 3631 1044 3696 sentimus
1068 3633 1108 3696 ab
1132 3632 1209 3714 igni.

363 3735 496 3801 alterius
518 3736 600 3801 fines
622 3738 650 3801 si
673 3738 722 3802 nis
746 3758 941 3823 cognoscere
964 3739 1044 3824 gyri,

219 4054 222 4059 ‘
311 4051 361 4103 619
375 4010 510 4119 lrldlldm
530 4078 562 4086 -
587 4050 636 4105 621
657 4049 762 4105 lumilie
779 4064 808 4105 m
827 4080 861 4088 -
880 4052 932 4105 622
951 4049 1062 4120 stringit
1074 4050 1103 4120 tl.
1123 4066 1153 4105 m
1177 4078 1208 4087 -
1234 4051 1287 4104 623
1305 4064 1404 4103 canum
1423 4062 1453 4101 m
1477 4073 1509 4084 —

201 4148 255 4204 625
268 4146 379 4203 ditanda
392 4163 421 4204 m
433 4176 467 4186 -
479 4150 530 4203 627
542 4164 704 4217 eternaque
715 4148 802 4216 spirm
813 4164 843 4203 m
854 4176 886 4185 -
898 4150 950 4204 628
960 4151 1090 4218 praeterit
1099 4164 1127 4203 m
1136 4148 1283 4217 perterttn
1296 4144 1463 4215 (prcmp)
1476 4173 1508 4181 -

201 4248 257 4301 630
275 4248 339 4301 inde
358 4261 386 4301 m
409 4278 444 4289 -
468 4248 536 4302 ente
555 4247 605 4301 631
626 4246 658 4300 dc
676 4245 864 4302 ambitamnte
881 4250 908 4302 ct
924 4246 1057 4302 horizonte
1075 4246 1110 4315 gl
1135 4275 1167 4283 -
1192 4248 1241 4301 631
1262 4246 1338 4301 hoec
1355 4246 1468 4299 ceterae
1480 4257 1510 4297 rn

199 4344 326 4401 sedemus
350 4344 463 4411 (sedem
488 4332 1510 4411 1)-632111111611-63111111111611111111οεῖ11111-

202 4444 256 4499 638
276 4442 352 4511 parit
369 4458 398 4497 111
421 4470 452 4479 -
476 4444 529 4497 640
549 4440 680 4497 cdms'act
695 4457 725 4498 m
747 4473 780 4481 --
803 4444 854 4498 641
877 4456 996 4499 uersum
1017 4441 1133 4497 uncinis
1155 4440 1282 4498 includit
1304 4456 1334 4495 m
1356 4470 1386 4479 -
1414 4443 1513 4496 64211

202 4554 250 4597 um
265 4554 337 4595 m-
352 4539 629 4595 cremsccmm-
646 4541 957 4611 thtomeaprcmttm
975 4538 1510 4609 -646utrcnqcoegat11.catroqucl

201 4632 315 4707 atrdqoc
333 4652 361 4692 m
384 4637 434 4693 hic
456 4636 563 4707 repetit
578 4651 696 4695 uersum
715 4641 764 4695 641
786 4653 815 4694 m
839 4638 884 4707 (L)
906 4644 1055 4694 meana
1076 4652 1106 4692 m
1132 4638 1189 4707 ipsi
1206 4651 1236 4693 m
1265 4664 1297 4673 -
1321 4635 1374 4695 648
1396 4652 1458 4692 sace
1480 4650 1510 4694 m

199 4734 348 4806 9111111111
362 4738 420 4809 piri
434 4750 462 4809 g.
