3642 5259
812 391 897 450 Liber
915 392 937 450 1.
974 394 1123 450 403-404.

473 615 609 675 euentus
632 608 765 694 frugum
787 608 896 675 uarios
920 616 953 674 ct
973 616 1121 695 temporo
1144 610 1265 690 dicunt,

473 737 621 802 quaeque
644 716 796 782 ualetudo
819 718 941 801 ueniet,
965 717 1138 783 concordio
1161 724 1297 802 quente3

418 848 459 891 sos
472 824 558 889 bello
580 822 658 889 iecit
680 844 860 911 pacemque
882 824 984 889 refert
1006 824 1162 911 uarieque
1184 830 1351 890 reuertens

473 934 518 998 sic
541 937 662 1013 mouet,
687 938 723 996 ut
745 932 827 997 uidit
848 933 1017 1012 mundum,
1041 933 1198 1017 uultuque
1222 932 1390 1019 gubernat.

472 1060 592 1125 magno
615 1039 695 1104 fides
718 1040 779 1104 hoc
799 1060 895 1125 posse
919 1040 1008 1105 color
1030 1060 1209 1125 cursusque
1231 1040 1382 1106 micantis

471 1150 504 1213 in
527 1147 651 1213 radios:
675 1148 729 1211 uix
753 1148 820 1213 sole
844 1148 960 1230 minor,
983 1146 1047 1213 nisi
1069 1147 1157 1233 quod
1179 1148 1292 1232 procul
1316 1148 1454 1213 haerens

471 1255 589 1341 frigido
612 1255 761 1320 caeruleo
785 1261 978 1341 contorquet
999 1255 1124 1320 lumine
1148 1256 1250 1320 uultu.

420 1386 461 1430 uo
475 1370 583 1429 cetere
604 1364 781 1428 uincuntur
803 1364 921 1449 specio,
945 1384 1006 1428 neo
1029 1362 1148 1428 clarius
1172 1369 1295 1427 ostrum

472 1472 630 1556 tinguitur
653 1492 774 1536 oceano
798 1471 967 1536 coelumne
991 1472 1104 1535 reuisit
1125 1472 1167 1537 eb
1191 1472 1295 1537 undis.

472 1586 540 1643 tum
564 1600 705 1664 procyon
729 1579 890 1664 ueloxque
911 1579 1015 1665 lepus,
1039 1585 1108 1643 tum
1132 1579 1249 1644 nobilis
1274 1600 1352 1664 ergo

471 1688 504 1751 in
528 1686 654 1751 ceolum
676 1685 836 1751 subducto
860 1688 951 1770 meri,
976 1687 1063 1772 quod
1085 1686 1192 1772 prims
1216 1687 1366 1767 cucurrit,

471 1794 641 1860 emeritum
664 1794 792 1880 mugnis
816 1794 974 1859 mundum
997 1800 1086 1859 tenet
1108 1800 1181 1859 ecto
1202 1794 1333 1881 periclis

417 1925 457 1966 415
472 1902 632 1966 seruando
656 1902 718 1966 doc
741 1902 828 1966 fecte
851 1902 939 1968 deos.
987 1903 1039 1967 cui
1062 1904 1228 1988 proximus
1252 1902 1367 1987 anguis

471 2030 625 2095 squamea
649 2010 811 2094 dispositis
833 2009 979 2074 imitatur
1001 2010 1126 2074 lumino
1148 2010 1298 2075 flammis.

472 2124 504 2181 et
527 2116 658 2182 Phoebo
683 2138 774 2181 socer
797 2118 864 2182 oles
888 2123 1009 2182 etune
1032 2124 1144 2203 gratus
1166 2117 1284 2182 Iaccho

471 2232 576 2289 crater
599 2231 631 2289 ct
654 2224 775 2310 duplici
799 2232 972 2290 centaurus
994 2226 1137 2311 imagine
1160 2225 1273 2311 fuiget,

471 2354 545 2412 pers
569 2333 718 2413 hominis,
743 2338 834 2418 tergo
858 2344 971 2419 pectus
995 2334 1186 2399 commissus
1208 2332 1337 2418 equino.

417 2464 457 2505 oo
471 2442 571 2526 ipsius
594 2440 668 2505 hino
693 2440 814 2505 mundo
839 2441 996 2527 templum
1020 2448 1078 2522 est,
1103 2442 1284 2526 uictrixque
1307 2440 1421 2506 solutis

468 2570 525 2614 cro
548 2550 629 2613 nitet
652 2550 762 2631 sacris,
787 2555 896 2614 uastos
921 2571 994 2614 cum
1018 2555 1106 2615 terra
1128 2550 1277 2635 gigantes

417 2680 457 2721 co
471 2656 635 2722 discordes
659 2656 751 2721 uultu
773 2657 999 2742 permixtoque
1022 2678 1159 2743 corporo
1181 2662 1278 2742 partu

471 2764 503 2828 in
528 2763 652 2829 coelum
676 2763 851 2829 furibunde
875 2764 957 2829 tulit
1005 2770 1074 2829 tum
1096 2764 1130 2828 di
1153 2784 1282 2850 quoque
1306 2784 1442 2849 magnos

470 2872 662 2958 quaesiuere
685 2871 778 2952 deos3
802 2871 964 2936 dubitauit
985 2870 1132 2957 Iuppiter
1154 2872 1224 2957 ipse

471 2980 557 3065 quod
580 2984 706 3064 poteret
730 3000 794 3043 non
818 3000 913 3064 posse
937 2979 1066 3061 timens,
1090 3000 1164 3044 cum
1188 2999 1321 3063 surgere
1344 2986 1465 3043 terrem

417 3110 457 3151 425
471 3092 628 3168 cerneret,
652 3092 688 3149 ut
711 3086 795 3151 uerti
817 3092 969 3153 naturum
992 3086 1140 3151 crederet
1162 3106 1303 3170 omnem,

471 3194 634 3259 montibus
658 3200 755 3279 etque
779 3194 852 3259 ultis
876 3200 1028 3280 aggestos
1051 3215 1197 3260 crescere
1221 3198 1358 3274 montes,

470 3308 504 3367 et
527 3308 593 3365 tom
616 3299 741 3365 uicinos
764 3301 924 3387 fugientio
947 3302 1055 3367 sidere
1078 3302 1186 3366 colles.

417 3426 568 3475 sosarmo
591 3400 809 3489 importautds
833 3410 864 3471 et
887 3411 991 3490 rupta
1013 3410 1120 3471 mat-rc
1145 3410 1281 3489 creatos,

417 3540 457 3581 reo
471 3516 610 3582 necdum
633 3514 823 3602 pestiferum
848 3516 908 3582 sibi
933 3537 1130 3602 quemquem
1153 3523 1210 3582 eut
1232 3516 1367 3583 numina
1390 3522 1509 3581 norant

472 3624 499 3689 si
522 3646 587 3710 que
609 3623 717 3688 forent
739 3626 863 3690 moioro
887 3627 963 3689 suis.
1011 3630 1088 3689 tuno
1110 3623 1259 3711 Iuppiter
1280 3645 1357 3690 eree

471 3732 579 3799 sideru
601 3733 776 3815 constituit,
800 3754 885 3818 qnae
908 3753 995 3798 nnnc
1018 3754 1148 3819 qnoque
1171 3734 1313 3798 maxima
1336 3732 1472 3817 fulgent.

240 3868 276 3929 ι,
471 3862 569 3927 quem
592 3846 725 3927 propter
748 3841 856 3927 pristis
881 3842 1080 3907 conuoluens
1103 3863 1259 4014 opprimes
1283 3848 1375 3927 terge

471 3949 604 4014 orbibus
627 3948 766 4035 insurgit
789 3950 883 4014 tortis
907 3954 940 4013 et
961 3950 1096 4014 fluctuet
1118 3972 1139 4015 e
1152 3939 1204 4015 rio.

418 4146 470 4201 403
494 4144 632 4215 duumtg
655 4145 696 4217 (in
719 4144 831 4213 rasura)
854 4145 948 4201 dicant
964 4162 986 4198 u
1005 4176 1037 4184 -
1057 4146 1112 4202 404
1130 4145 1287 4201 υαῑίὲιιάοο
1310 4173 1342 4182 -
1368 4139 1625 4199 409400041-

310 4246 363 4300 410
384 4244 650 4314 tcucoprootiouo
668 4244 780 4315 tupuog
799 4243 913 4313 lopusc
934 4273 965 4281 -
985 4240 1428 4314 olivericootvrooeucpu)
1451 4270 1487 4279 -
1505 4242 1558 4295 416
1576 4254 1627 4293 m-

312 4346 408 4399 ustor
433 4358 462 4398 m
490 4341 534 4409 (in
565 4356 656 4411 marg.
684 4342 768 4408 corr.)
799 4372 830 4379 —
860 4344 912 4397 419
937 4341 1146 4398 conmissuslm
1175 4371 1206 4379 —
1233 4340 1288 4397 4⁶20
1312 4338 1414 4396 ticlm
1441 4338 1504 4395 tiso
1522 4352 1564 4407 gc
1591 4364 1624 4373 ——

310 4444 360 4497 404
383 4441 505 4512 piceum
526 4455 553 4495 rn
579 4444 607 4507 (a
631 4456 666 4495 ex
688 4440 699 4493 i
723 4456 796 4497 corr.
816 4438 849 4507 L)
869 4440 1028 4509 pipantcso
1059 4468 1090 4479 ω·
1119 4440 1171 4496 422
1196 4438 1332 4494 remidio
1362 4468 1394 4477 -
1423 4439 1476 4493 425
1499 4440 1564 4492 cto
1591 4464 1624 4473 -

310 4544 362 4597 426
381 4540 472 4596 uliieo
497 4570 530 4579 —
553 4538 605 4594 427
625 4539 728 4594 colloco
756 4568 789 4577 —
813 4540 866 4593 428
884 4538 1057 4607 importastis
1073 4552 1102 4593 rn
1120 4537 1301 4607 importunos
1318 4554 1340 4589 ω
1359 4539 1387 4591 ct
1402 4550 1419 4591 o
1436 4538 1572 4602 coactorg
1592 4560 1625 4570 -

310 4642 362 4694 429
381 4638 461 4694 octor
481 4654 498 4693 o
516 4625 624 4707 corpori
642 4652 671 4692 m
689 4640 822 4705 portuen
843 4664 875 4673 -
895 4635 950 4691 430
967 4635 1122 4705 tostifcmm
1142 4651 1159 4690 o
1177 4638 1229 4690 aut
1246 4636 1418 4691 omittunto
1436 4635 1571 4690 scranto
1592 4660 1624 4669 -

309 4738 359 4794 431
375 4738 432 4793 ouis
443 4737 534 4793 orauit
545 4739 571 4790 et
582 4752 630 4790 ore
643 4750 670 4789 nr
690 4736 731 4801 (in
746 4748 838 4803 marg.
853 4734 938 4799 corr.)
957 4764 990 4773 —
1009 4736 1061 4789 432
1076 4734 1185 4804 fulpmt
1200 4749 1217 4789 o
1236 4762 1267 4771 -
1283 4734 1336 4789 434
1351 4706 1437 4788 tortis
1449 4731 1460 4786 l
1474 4731 1551 4787 tortis
1562 4744 1625 4798 gm.
