3642 5259
674 384 762 443 Liber
778 383 827 442 IV.
861 386 1014 445 676-709.

349 607 460 689 totque
483 602 575 667 illum
598 602 686 668 oiroa
708 602 814 669 diuiso
837 602 968 668 nomine
991 608 1105 687 gentas

350 709 392 774 ad
415 707 554 775 Tanaim
576 709 736 795 Scythiois
759 709 965 775 dirimentem
988 708 1140 775 fluetibus
1164 709 1258 775 orbes

348 816 549 903 Maeotisque
572 818 664 882 laous
688 817 870 902 Euxinique
893 837 1010 903 aspera
1030 818 1120 903 ponti

349 909 492 1009 aequora
514 926 556 991 ad
580 931 825 1010 extremumque
848 923 1065 1011 Propontidos
1088 924 1347 1013 Hellespontum.

295 1052 337 1097 oso
350 1031 434 1097 bana
458 1033 557 1098 Asiae
579 1039 700 1097 mamm
723 1033 832 1117 posuit
853 1038 972 1097 natura
994 1033 1143 1118 potentis.

350 1139 435 1224 quod
457 1147 607 1226 superest
627 1139 763 1225 Europa
784 1146 883 1220 tenet,
907 1160 992 1225 quae
1015 1140 1123 1225 prima
1145 1145 1310 1207 nutantem

350 1246 501 1311 fluetibus
524 1248 715 1333 excepitque
736 1246 850 1313 Iouem
873 1253 1069 1333 taurumque
1092 1246 1235 1313 resoluit

346 1372 471 1434 ponere
490 1372 597 1435 passa
618 1372 696 1418 suos
719 1350 809 1436 ipris
833 1372 929 1419 onere
954 1356 1051 1436 atque
1076 1352 1193 1419 beari.

350 1461 405 1527 ille
427 1462 566 1549 puellari
588 1463 724 1529 donauit
745 1463 877 1528 nomine
898 1463 975 1529 litus

298 1590 339 1635 eas
354 1575 387 1633 et
409 1571 609 1637 monimenta
632 1570 684 1635 sui
705 1570 799 1635 titulo
822 1571 965 1636 sacrauit
987 1571 1116 1635 amoris.

351 1679 494 1743 maxima
516 1684 604 1743 terra
626 1678 706 1743 uiris
729 1685 763 1743 et
784 1678 1017 1745 ieoundissima
1040 1678 1142 1743 dootis

352 1786 502 1850 urbibus:
525 1787 558 1851 in
583 1806 720 1871 regnum
743 1786 896 1851 florentes
920 1786 986 1851 oris
1009 1786 1169 1870 Athenae,

353 1892 471 1978 Sparta
492 1915 604 1975 manu,
627 1892 761 1960 Thebae
783 1893 880 1975 diuis,
904 1898 937 1959 et
959 1914 1036 1978 rege
1059 1893 1113 1958 uel
1136 1914 1202 1959 uno

352 2002 504 2087 prinoepa
527 2001 620 2067 Pella
641 2002 766 2083 domus,
791 2000 924 2068 Troiani
948 2002 1054 2087 gratia
1078 2002 1153 2067 belli

299 2130 340 2173 rao
354 2107 525 2175 Thessalia
546 2109 727 2195 Epirosque
749 2115 865 2196 potens
887 2110 1061 2196 uioinaque
1085 2110 1163 2195 ripis

353 2214 461 2302 Illyris
483 2223 517 2281 at
538 2216 665 2282 Thraoe
688 2216 826 2281 Martem
849 2217 963 2282 sortita
986 2216 1148 2297 uolonum,

355 2330 387 2389 et
409 2324 590 2410 stupefacta
613 2345 688 2390 suos
711 2326 795 2390 inter
818 2321 998 2389 Germania
1019 2330 1141 2410 partus,

355 2430 462 2497 Gallia
485 2454 543 2518 per
566 2454 693 2516 census,
716 2431 878 2517 Hispania
899 2432 1042 2497 maxima
1065 2431 1152 2512 balli,

354 2539 450 2605 Italia
470 2541 507 2605 in
530 2562 666 2622 summa,
690 2562 789 2627 quam
811 2560 921 2605 reram
945 2541 1089 2606 maxima
1111 2538 1218 2605 Roma

300 2668 342 2712 eor
355 2647 510 2734 imposuit
532 2649 627 2713 terris
650 2648 806 2733 caeloque
828 2647 1018 2733 adiungitur
1040 2649 1119 2734 ipsa.

354 2755 415 2819 hos
437 2756 500 2821 erit
521 2754 555 2820 in
578 2756 660 2821 fines
683 2756 770 2821 orbis
792 2762 976 2841 pontusque
999 2755 1169 2821 notandus.

356 2882 452 2948 quem
476 2862 558 2931 deus
581 2864 615 2928 iu
637 2868 747 2949 partes
771 2868 804 2928 et
825 2862 955 2948 singula
978 2861 1095 2929 diuidit
1117 2868 1205 2927 astra

357 2989 395 3033 ao
417 2991 477 3035 sua
500 2971 617 3056 auique
641 2969 731 3035 dedit
752 2968 874 3035 tutelae
897 2990 1000 3056 regua
1022 2991 1080 3057 per
1103 2969 1215 3037 orbem

357 3082 390 3140 ot
411 3078 560 3164 proprias
583 3082 697 3163 gentes
720 3083 817 3163 atque
840 3078 938 3143 urbes
961 3077 1086 3145 addidit
1109 3078 1202 3163 altas,

303 3206 344 3249 roo
358 3183 390 3249 in
415 3186 532 3270 quibus
555 3190 738 3252 assererent
760 3187 955 3271 praestantis
978 3185 1086 3252 sidera
1108 3187 1204 3251 uires.

267 3366 270 3370 y
358 3312 397 3356 aa
418 3293 511 3357 uelut
531 3292 676 3359 bumana
697 3300 748 3359 est
769 3294 872 3379 signis
895 3293 1050 3380 discripta
1073 3294 1189 3379 figura,

358 3404 404 3482 ut,
427 3422 626 3487 quamquam
650 3400 831 3466 eommunis
854 3408 907 3465 eat
929 3402 1032 3467 tutela
1053 3422 1112 3488 por
1135 3421 1231 3466 omne

306 3596 359 3651 oro
379 3596 528 3651 ueram
546 3572 845 3653 aranos-errati
861 3600 931 3652 arm
948 3610 1030 3666 0030
1047 3594 1177 3663 anum
1194 3599 1353 3664 ratumne
1370 3598 1515 3650 aeream

195 3697 300 3794 sestace
312 3691 323 3746 l
340 3694 449 3749 aritiens
461 3708 502 3762 go
519 3694 655 3765 oeyolrboa
667 3707 697 3748 m
715 3694 828 3762 sarburg
845 3696 921 3750 orbes
933 3711 955 3746 o
968 3722 1001 3733 ·-
1020 3697 1073 3751 678
1089 3696 1235 3763 medeae
1252 3675 1489 3804 eaoueppmeraalui
1505 3690 1516 3746 l

196 3817 300 3873 meri
309 3832 337 3872 m
352 3845 384 3855 -
398 3805 452 3875 679
461 3823 487 3873 et
496 3823 648 3875 atreum
659 3820 880 3888 Proproatidmo
893 3852 927 3861 -
941 3821 994 3877 680
1006 3820 1076 3876 bane
1085 3818 1161 3875 om.l
1173 3818 1216 3885 (in
1227 3814 1407 3887 muratorio)
1421 3828 1477 3872 om.
1487 3831 1516 3872 m

196 3916 836 3995 hamatico-esmqlgmqo-oeu
855 3918 1516 3988 aceepitlouemg-bsstpoadereoporsao

197 4012 395 4085 meripailgo
422 4014 624 4085 maiqulge
650 4017 799 4073 tranuito
825 4018 1148 4087 suasiqmoueriquem
1173 4044 1207 4053 -
1230 4014 1379 4073 6841·th
1404 4015 1516 4071 literam

200 4114 328 4169 rarae
354 4141 391 4150 —
418 4115 471 4169 685
499 4116 701 4184 monemur
727 4096 933 4170 mondmmtal
960 4118 1134 4171 monumenta
1153 4130 1181 4170 m
1209 4094 1431 4171 sub¹²⁰⁰titulol
1461 4114 1517 4169 sut·

153 4227 156 4231 ·
199 4210 321 4267 litatem
339 4212 507 4267 subtecto
525 4242 558 4250 -
575 4214 628 4269 687
646 4212 796 4268 orbium
815 4238 848 4249 -
865 4214 920 4269 688
937 4212 1054 4269 thebano
1072 4212 1192 4269 diuisitl
1209 4212 1349 4268 diabetm
1368 4212 1517 4279 disr'attgo

199 4342 236 4351 -
261 4309 314 4364 689
340 4309 428 4365 illuo
458 4311 572 4365 Troiani
587 4310 632 4366 lm
659 4312 777 4367 Troiani
792 4326 835 4381 ge
858 4313 985 4381 erectae
1009 4326 1096 4381 prag
1121 4345 1157 4354 —
1184 4313 1236 4368 691
1264 4303 1369 4369 trial
1394 4310 1471 4367 brace
1488 4321 1517 4363 m

200 4408 295 4463 throne
310 4422 352 4476 ge
381 4436 414 4445 -
442 4410 496 4464 696
514 4426 566 4479 pre
587 4408 706 4465 oenousl
729 4410 828 4466 bellio
852 4438 885 4447 —
903 4411 958 4465 694
979 4408 1155 4465 Italiamlm
1173 4409 1297 4465 Italiam
1320 4410 1351 4464 irs
1368 4405 1518 4465 motolo

199 4508 233 4562 ia
249 4520 420 4575 eremmogm
439 4535 472 4544 -
488 4508 542 4563 696
559 4508 682 4576 inposuit
697 4522 725 4562 m
744 4536 777 4545 —
794 4509 847 4564 696
864 4494 1056 4563 beelmobor
1070 4521 1141 4563 corr.
1156 4507 1284 4575 exboog
1300 4508 1516 4562 ιιοοαιιάωο-

200 4591 560 4674 (imminu—698
579 4606 666 4662 tutelo
681 4597 1011 4677 ιιι-7009988891
1027 4606 1124 4661 odem
1144 4607 1514 4673 aagepraataateo-

200 4704 255 4761 701
274 4701 387 4773 republ
405 4704 570 4773 decriptoo
591 4732 623 4741 -
642 4706 695 4761 709
713 4708 739 4759 rt
757 4702 867 4761 tutelol
886 4708 912 4759 et
931 4708 1024 4761 cutm
1044 4706 1235 4772 erotgeoto.

258 4828 369 4869 ιιιιιιιιιι.
390 4830 406 4868 ι.
1414 4808 1433 4863 8
