3642 5259
719 340 805 397 Liber
822 338 844 399 1.
881 340 1032 399 558-587.

381 560 509 645 singula
533 580 606 624 cum
629 564 755 623 tantum
779 564 912 623 teneant
934 563 1090 642 tantoque
1112 556 1259 621 ferentur

327 690 367 734 seo
381 674 541 753 tempore;
565 688 622 731 sex
645 673 712 732 tota
735 667 901 751 surgentia
925 666 1032 730 sidero
1054 665 1127 729 luce

679 790 696 829 5
805 792 821 829 s
931 789 949 829 s
1056 790 1074 828 5

434 887 535 947 restet
556 888 592 945 ut
616 881 776 946 aetherios
799 880 880 945 fines
904 880 961 945 tibi
986 880 1122 944 reddero
1146 892 1245 943 conor

381 990 502 1070 filoque
526 988 688 1075 dispositis
711 988 836 1053 uicibus
859 988 1047 1053 comitantia
1070 986 1206 1062 ceolum,

327 1120 367 1161 555
381 1118 440 1183 per
462 1117 546 1183 quoe
569 1096 719 1181 dirigitur
742 1096 909 1180 signorum
933 1094 1103 1158 flammeus
1126 1094 1214 1157 ordo.

280 1289 282 1293 Ι
327 1228 367 1270 ses
381 1204 519 1269 circulus
543 1204 584 1269 ad
608 1205 740 1269 boream
764 1202 918 1287 fulgentis
942 1202 1079 1266 sustinet
1102 1206 1208 1265 arctos

382 1333 501 1397 sexque
525 1312 609 1396 fugit
631 1310 749 1375 solidos
773 1330 793 1373 e
816 1308 898 1373 coeli
921 1310 1042 1373 uertice
1065 1314 1184 1394 portes.

381 1419 464 1484 alter
487 1418 528 1484 ed
551 1418 687 1482 extremi
710 1416 884 1482 decurrens
909 1416 1016 1481 sidera
1040 1416 1157 1495 cancri,

321 1554 322 1559 ¹
380 1526 414 1590 in
438 1547 502 1611 quo
526 1530 729 1590 consummat
751 1523 903 1589 Phoebus
926 1524 1098 1608 lucemque
1121 1544 1311 1608 moramque

327 1657 367 1699 555
381 1634 538 1718 tardaque
560 1653 619 1718 per
641 1632 755 1717 longos
779 1630 966 1695 circumfert
987 1630 1112 1696 lumina
1134 1632 1247 1711 flexus,

381 1742 523 1805 aestiuus
547 1740 653 1804 medio
677 1760 795 1803 nomen
819 1738 881 1803 sibi
904 1738 1003 1803 sumit
1025 1739 1067 1802 ab
1091 1745 1182 1801 cestu

381 1847 535 1934 temporis
558 1852 591 1910 et
613 1847 705 1911 titulo
729 1848 851 1932 potitur
873 1852 1059 1932 metamque
1082 1846 1222 1911 uolantis

292 1980 303 2031 ἡ
382 1956 458 2020 solis
481 1961 513 2019 et
536 1960 697 2019 extremos
720 1954 870 2039 designet
892 1954 1037 2017 feruidus
1061 1960 1152 2019 actus

382 2068 414 2128 et
437 2063 579 2147 quinque
602 2062 636 2125 in
659 2068 768 2147 portes
791 2061 952 2147 aquilonis
976 2062 1073 2125 distet
1096 2060 1137 2125 eb
1161 2062 1248 2126 orbe.

327 2193 368 2235 sn
382 2170 495 2235 tertius
518 2170 552 2233 in
576 2168 684 2233 medie
707 2169 819 2233 mundi
843 2168 976 2251 regione
997 2169 1122 2233 locatus

380 2278 505 2361 ingenti
528 2297 623 2363 spera
646 2282 749 2341 totum
771 2275 952 2362 praecingit
976 2274 1150 2361 Olympum

380 2390 472 2470 perte
496 2385 536 2448 eb
560 2390 697 2468 utraque
723 2382 834 2447 uidens
859 2403 964 2464 axem,
988 2404 1053 2468 quo
1075 2384 1179 2447 limite
1202 2382 1354 2448 Phoebus

382 2490 545 2577 componit
568 2491 700 2575 paribus
725 2490 868 2555 numeris
891 2495 1087 2575 noctemque
1110 2490 1260 2575 diemque

381 2598 468 2663 ueris
492 2604 525 2661 et
547 2598 694 2661 autumni
718 2618 849 2662 currens
873 2618 932 2682 per
955 2604 1101 2682 tempore
1124 2598 1235 2677 mixta,

328 2729 368 2771 seo
382 2726 455 2771 cum
479 2703 623 2769 medium
647 2704 776 2789 aequali
798 2704 969 2789 distinguit
990 2704 1092 2769 limite
1115 2704 1242 2769 coelum

381 2818 533 2900 quattuor
557 2818 590 2877 et
612 2812 767 2897 gradibus
791 2833 850 2877 sue
872 2811 927 2876 fila
950 2811 1076 2876 reducit
1098 2814 1139 2877 ab
1164 2818 1265 2876 aestu.

382 2921 547 3006 proximus
571 2920 657 2985 huno
681 2919 767 2984 ultra
788 2918 945 2984 brumalis
969 2920 1214 3001 nominoltimes

382 3028 496 3093 ultime
518 3027 666 3113 designat
689 3026 843 3111 fugientis
864 3027 991 3091 lumina
1014 3027 1091 3092 sotis

381 3134 557 3220 inuideque
582 3134 713 3220 oblique
735 3134 900 3199 radiorum
923 3156 1060 3199 munere
1081 3135 1213 3199 flamma

327 3265 367 3309 555
381 3243 436 3307 dot
459 3264 518 3328 per
540 3242 601 3307 iter
623 3243 793 3307 minimum
817 3242 925 3323 nobis3
950 3242 1007 3307 sed
1030 3242 1149 3308 tinibus
1171 3241 1245 3323 illis,

382 3371 462 3435 quos
486 3371 583 3435 super
601 3349 756 3431 incubuit,
778 3350 877 3434 longe
899 3355 986 3415 stent
1008 3356 1155 3435 tempora
1177 3350 1261 3431 luce,

379 3458 499 3542 uixque
522 3457 590 3522 dies
614 3457 729 3522 transit
751 3457 943 3522 condentem
967 3463 1098 3522 extenta
1119 3478 1179 3543 per
1201 3463 1339 3537 aestum,

329 3762 380 3817 559
411 3761 490 3831 signa
520 3777 582 3816 cnm
609 3775 639 3816 m
672 3790 704 3799 —
738 3766 805 3817 ante
831 3762 896 3817 561:
930 3760 976 3817 De
1001 3760 1140 3830 5555651,
1163 3760 1243 3817 idem
1270 3763 1301 3819 in
1330 3775 1422 3830 marg.
1451 3776 1469 3817 a
1496 3778 1535 3817 m.

221 3875 278 3917 rec.
296 3874 337 3929 gc
363 3858 408 3914 De
425 3858 533 3915 arola
548 3858 683 3915 emona
700 3888 735 3897 -
758 3858 789 3914 dc
807 3859 905 3914 colente
923 3874 953 3915 m
971 3859 1084 3930 (u1u2)
1104 3888 1138 3897 -
1161 3862 1228 3930 post
1246 3860 1298 3916 563
1318 3862 1482 3929 sequuntur
1501 3889 1535 3899 -

221 3961 274 4015 564
295 3958 414 4013 marlae
434 3974 453 4011 a
473 3973 578 4012 umaro
600 3960 751 4013 moralem
772 3956 870 4012 sertim
891 3958 1023 4013 mandam
1048 3960 1101 4013 565
1117 3961 1243 4026 ment
1256 3958 1430 4026 Arloptllaca
1442 3962 1538 4028 peterse

217 4074 268 4128 per
292 4059 366 4125 torpa
388 4054 511 4111 dramate
533 4055 564 4110 in
589 4070 606 4111 o
638 4056 701 4110 tum
726 4055 756 4111 in
781 4070 810 4111 m
834 4054 961 4125 (u1u2):
989 4056 1065 4112 5655
1093 4056 1182 4125 mnqit
1200 4058 1228 4110 ct
1247 4056 1378 4126 555ρί5555
1400 4056 1536 4111 5551555555

220 4171 327 4210 anama
339 4152 434 4223 recidit
450 4152 527 4209 5655
541 4170 638 4223 serrone
650 4154 721 4223 sapit
733 4154 830 4208 salletas
842 4154 890 4209 oeli
902 4154 1003 4209 uertice
1011 4157 1106 4222 parta
1121 4152 1195 4223 (sqq.
1206 4156 1259 4209 618
1272 4155 1483 4224 correctamque)
1501 4182 1536 4193 -

222 4256 304 4321 566g
319 4252 349 4307 in
362 4266 456 4321 marg:
471 4250 503 4306 dc
513 4252 651 4321 parallelis
665 4252 770 4307 circulis
785 4251 837 4319 (m)
854 4280 886 4289 -
902 4254 954 4308 566
966 4253 1110 4321 1519555555
1121 4254 1245 4307 arclano
1261 4280 1293 4289 -
1309 4253 1360 4307 567
1374 4270 1393 4307 a
1405 4253 1485 4307 celio
1503 4281 1536 4291 -

221 4352 272 4406 571
285 4338 415 4407 mnodo
428 4366 456 4405 m
473 4349 605 4405 moinum
618 4366 639 4401 ω
655 4380 685 4387 -
699 4352 750 4404 575
770 4356 891 4419 metaque
904 4364 921 4405 o
939 4378 972 4388 -
990 4352 1043 4405 576
1060 4364 1170 4417 rperao
1186 4384 1223 4392 —
1239 4351 1291 4405 577
1310 4365 1391 4417 qooo
1409 4349 1537 4420 laminel

222 4476 320 4531 55555
333 4492 354 4527 a
367 4506 403 4514 -
416 4476 468 4531 ¹seo
485 4475 618 4542 zumsmg
633 4501 665 4511 -
678 4476 728 4529 581
747 4474 804 4542 fila
819 4490 845 4530 m
865 4476 950 4543 (corr.
969 4474 1000 4530 in
1020 4474 1123 4543 marg.)
1136 4502 1170 4513 -
1183 4428 1377 4545 sertiiiiiiil
1396 4474 1493 4529 emec
1505 4488 1535 4529 m

223 4576 370 4644 55595553
391 4574 529 4643 oweno
558 4600 590 4609 -
619 4574 671 4628 583
694 4574 824 4639 lancinet
853 4572 930 4640 (coll.
949 4572 1042 4639 Vrel.)
1072 4573 1179 4627 leonina
1195 4588 1217 4623 ω
1245 4604 1280 4612 -
1307 4572 1360 4625 584
1386 4571 1536 4640 5555415555

221 4670 386 4739 inniaqaeo
405 4704 439 4713 —-
459 4672 511 4726 585
529 4670 602 4727 sobo
620 4670 711 4739 glcm
731 4670 776 4738 (L)
795 4672 915 4728 nollem
934 4669 989 4737 (u).

1430 4773 1467 4828 2!
