3642 5259
807 380 892 436 Liber
912 380 935 437 l.
971 382 1121 436 ala-681.

470 600 643 664 circumfer
665 599 770 664 facilis
793 597 903 663 oculos
927 598 1118 682 uultumque
1141 618 1201 682 per
1223 597 1344 661 orbem.

417 729 457 770 eso
471 706 624 791 quiequid
647 706 708 771 erit
731 706 875 790 caelique
898 707 1000 769 imum
1023 712 1193 789 terraeque
1216 682 1413 791 supremum,

471 836 535 899 qua
559 815 622 879 coit
643 816 712 899 ipse
736 814 798 878 sibi
821 814 909 877 nullo
934 813 1120 877 discrimine
1143 812 1283 876 muudus

470 912 638 1031 redditqut
662 928 719 987 aut
741 920 855 1006 recipit
877 920 1038 1005 fulgentia
1060 921 1168 985 sidera
1190 926 1301 1006 ponto,

470 1030 651 1115 praecingit
674 1031 763 1094 tenui
788 1035 1009 1093 transuersum
1031 1029 1133 1093 limite
1155 1028 1322 1091 mundum.

470 1137 549 1201 haec
574 1159 701 1223 quoquo
725 1158 784 1223 per
807 1143 909 1201 totum
933 1136 1083 1201 uolitabit
1104 1136 1192 1200 linea
1214 1136 1351 1211 caelum,

416 1267 456 1308 sss
470 1266 534 1308 non
560 1250 684 1309 tantum
709 1240 916 1309 ad'medium
941 1266 1080 1328 uergens
1103 1243 1311 1328 mediumque
1334 1248 1467 1327 repente

470 1351 580 1415 orbem
605 1374 690 1417 nunc
714 1358 839 1437 septem
862 1353 904 1416 ad
928 1351 1037 1416 stellas
1061 1372 1121 1417 nec
1145 1356 1232 1415 mota
1255 1352 1316 1415 sub
1339 1358 1436 1430 astra,

469 1459 524 1523 sed
551 1480 774 1545 quaecumque
797 1481 902 1543 uagae
925 1459 1058 1524 tulerint
1082 1458 1218 1544 uestigia
1240 1458 1369 1543 plautae

469 1566 528 1631 has
552 1567 647 1631 modo
671 1574 831 1632 terrarum
855 1588 942 1631 nunc
965 1566 1023 1631 has
1047 1566 1225 1651 gradientis
1247 1565 1282 1629 iu
1304 1586 1388 1645 oras,

473 1696 600 1760 semper
623 1674 684 1739 erit
706 1696 811 1739 nouus
834 1681 867 1739 et
889 1675 983 1739 terris
1005 1674 1184 1738 mutabitur
1204 1673 1314 1754 arcus3

415 1804 455 1845 seo
469 1782 587 1867 quippe
611 1782 700 1847 alind
723 1783 848 1847 caelum
871 1782 1045 1847 osteudens
1068 1782 1220 1867 aliudque
1243 1781 1428 1866 relinquens

469 1889 637 1954 dimidium
661 1895 750 1971 teget
773 1896 805 1954 et
827 1890 946 1954 referet
969 1892 1125 1975 uarioque
1149 1890 1273 1954 notabit

467 1996 532 2060 fine
556 2004 588 2061 et
612 2018 685 2061 cum
709 1998 782 2062 uisu
804 1998 927 2085 pariter
950 2019 1008 2062 sua
1031 1997 1087 2061 fila
1110 2004 1272 2061 mouente.

468 2094 530 2167 hic*
544 2107 705 2169 terrestris
728 2107 799 2185 erit,
824 2105 901 2190 quia
923 2112 1043 2169 terram
1066 2105 1272 2189 amplectitur
1294 2104 1392 2184 orbis,

469 2210 687 2273 otmundum
705 2210 806 2293 pleno
827 2208 1017 2293 prorumpit
1040 2208 1144 2273 limite
1167 2230 1271 2293 pyrus

415 2340 454 2381 ese
470 2325 566 2404 atque
589 2341 609 2383 a
631 2320 696 2384 fine
719 2321 851 2384 trahens
875 2320 1004 2384 titulum
1028 2325 1227 2384 memoratur
1250 2318 1390 2383 horizon.

521 2426 571 2491 his
593 2427 686 2492 adice
709 2428 856 2513 obliquos
879 2428 1081 2513 aduersaque
1104 2428 1160 2491 fila
1183 2426 1340 2491 trahentis

467 2533 551 2597 inter
574 2556 609 2599 se
632 2557 738 2620 gyros,
763 2557 900 2621 quorum
924 2536 1084 2620 fulgentia
1107 2536 1201 2619 sigua

467 2640 677 2723 alternabat,
701 2665 760 2728 por
783 2665 866 2728 quae
890 2643 1041 2707 Phoebus
1064 2643 1251 2707 moderatur
1273 2643 1426 2721 habenas,

467 2748 737 2835 subsequiturque
760 2773 818 2815 suo
842 2751 943 2815 solem
969 2772 1053 2834 uaga
1075 2750 1172 2815 Delia
1194 2772 1301 2830 curru,

414 2878 453 2921 sto
467 2861 499 2919 et
523 2859 665 2943 quinque
689 2860 826 2925 aduerso
850 2859 1007 2923 luctantia
1030 2860 1137 2923 sidera
1160 2858 1281 2922 mundo

468 2972 619 3029 exercent
641 2967 749 3030 uarias
772 2973 908 3031 naturae
931 2966 1003 3050 lege
1026 2967 1170 3030 choreas.

467 3070 553 3134 hunc
577 3078 665 3136 tenet
688 3096 707 3137 a
730 3096 855 3139 summo
881 3095 1007 3155 cancer,
1030 3074 1238 3157 capricornus
1261 3071 1302 3135 ab
1326 3072 1403 3151 imo,

470 3178 517 3241 bis
541 3180 664 3265 recipit,
688 3182 793 3245 lucem
817 3182 872 3266 qui
897 3181 1036 3246 circulus
1059 3186 1178 3264 aequat
1199 3186 1233 3243 et
1254 3180 1395 3258 umbras,

466 3286 603 3370 lanigeri
626 3295 658 3352 et
680 3290 780 3355 librae
804 3290 895 3374 siguo
920 3309 978 3352 sua
1000 3288 1056 3351 fila
1078 3293 1251 3351 secantem.
1349 3301 1353 3309 ’

413 3414 453 3455 ers
467 3394 512 3457 sic
536 3415 594 3478 per
616 3396 673 3460 tris
697 3418 793 3481 gyros
816 3396 954 3460 inflexus
978 3396 1106 3459 ducitur
1128 3395 1216 3459 orbis

467 3507 618 3587 rectaque
641 3503 765 3568 deuexo
789 3502 872 3567 fallit
896 3502 1032 3586 uestigia
1055 3502 1154 3583 cliuo;

466 3629 526 3672 nec
551 3611 638 3674 uisus
662 3612 829 3695 aciemque
853 3610 941 3694 fugit
960 3616 1149 3695 tantumque
1172 3610 1278 3675 notari

465 3724 572 3781 mente
596 3724 716 3803 potest.
736 3720 820 3783 sicut
842 3725 1018 3783 cernuntur
1041 3725 1148 3784 mente
1172 3720 1304 3805 priores.

466 3823 522 3887 sed
546 3826 626 3889 nitet
649 3826 772 3910 ingenti
796 3825 942 3889 stellatus
966 3826 1090 3891 balteus
1114 3828 1191 3892 orbe

412 3950 452 3995 oso
465 3931 690 4018 insignemque
714 3933 793 3997 facit
816 3933 938 3998 caelato
961 3934 1064 4000 limite
1089 3934 1245 3998 mundum

466 4045 498 4102 et
520 4045 568 4104 ter
592 4042 724 4106 uicenas
747 4048 854 4125 partes
878 4048 968 4127 patet
991 4050 1087 4128 atque
1111 4048 1271 4106 trecentas

413 4225 590 4293 arefaciam
603 4226 775 4295 mtdtamper
784 4243 814 4283 m
825 4258 856 4266 -
868 4230 921 4283 650
934 4228 1030 4298 Quidq,
1041 4244 1068 4281 m
1084 4230 1219 4296 terraeqroe
1231 4241 1251 4295 g
1264 4229 1384 4296 terraque
1396 4244 1418 4279 ω
1437 4256 1469 4265 -
1483 4225 1536 4283 655
1553 4226 1614 4281 Noa

305 4324 439 4377 torberno
452 4322 537 4391 (nrum
547 4324 576 4393 p)
589 4328 718 4393 repentae
736 4353 768 4363 —
787 4328 838 4381 666
851 4346 925 4381 nunc
936 4333 1008 4381 mota
1019 4326 1093 4380 arbo
1112 4355 1144 4362 —
1164 4325 1215 4380 657
1228 4341 1406 4394 proceremque
1417 4325 1487 4394 lgm
1505 4331 1578 4396 ῥοῆς.
1596 4341 1613 4381 c

187 4458 189 4465 .
306 4420 425 4475 talcnmt
435 4424 465 4476 ia
477 4422 556 4477 boras
569 4436 586 4477 o
600 4452 632 4460 -
647 4426 696 4477 661
714 4424 777 4491 tecit
787 4439 836 4491 gur
846 4424 913 4491 repit
924 4423 957 4477 lc
969 4424 1084 4491 referto
1097 4452 1130 4461 -—
1145 4426 1196 4479 664
1207 4424 1285 4492 pleno
1296 4423 1420 4492 producit
1431 4424 1524 4479 tremite
1534 4440 1562 4479 m
1577 4454 1610 4462 -

305 4521 356 4574 665
375 4522 454 4589 alque
471 4522 558 4575 astro
580 4520 670 4575 orion
690 4536 716 4575 m
740 4522 832 4575 orizon
849 4520 883 4589 gl
908 4550 941 4558 -
961 4522 1029 4575 aute
1049 4524 1101 4577 666
1126 4520 1170 4577 Dc
1186 4523 1290 4577 zodrbce
1312 4525 1340 4575 et
1355 4523 1434 4577 lacteo
1456 4523 1562 4578 ctrcrdr's
1578 4522 1611 4578 lc

305 4632 361 4673 om.
373 4620 430 4686 erg
448 4617 561 4673 nullum
577 4618 683 4673 lemma
696 4620 726 4673 iu
741 4634 770 4674 m
783 4648 816 4656 —
835 4622 886 4673 666
899 4618 973 4674 adite
985 4634 1013 4673 m
1030 4620 1151 4675 addicar
1168 4620 1298 4677 aalma
1310 4636 1340 4677 m
1354 4650 1386 4662 -
1402 4622 1454 4677 669
1467 4635 1523 4675 om.
1535 4635 1563 4675 m
1577 4650 1611 4660 -
1724 4602 1727 4607 ¹

305 4718 354 4769 671
377 4733 465 4769 corais
485 4732 500 4771 c
520 4744 551 4753 ·-
573 4718 624 4771 ers
645 4719 694 4771 tris
707 4732 735 4770 m
755 4724 807 4771 tres
819 4732 841 4768 o
861 4746 893 4753 —
914 4720 967 4773 680
984 4718 1082 4775 meloto
1100 4718 1202 4775 lumina
1219 4734 1258 4773 m.
