3642 5259
1468 154 1623 397 tt!

962 738 1055 805 Ceus
1084 751 1128 801 ss

380 1166 550 1299 Quattuor
587 1200 735 1267 eodionm
772 1200 927 1270 lectiones
959 1190 995 1267 in
1029 1201 1236 1267 adnotatione
1270 1201 1381 1267 critica
1414 1204 1535 1269 notaui.

228 1308 311 1375 Sunt
333 1315 442 1374 eutem
465 1306 513 1375 hi:

228 1450 230 1454 ’
260 1454 293 1517 ’1.
317 1448 428 1517 codex
461 1447 706 1517 Gemblaeensis
729 1450 792 1536 (g),
825 1452 1015 1517 monaterii
1048 1451 1126 1517 olim
1159 1449 1415 1533 Gembleeensis,
1448 1474 1535 1519 nnno

316 1556 537 1624 Bruxellensis
561 1556 775 1623 bibliotbeoue
794 1560 904 1643 regiae
927 1556 1000 1640 (Nr.
1020 1556 1160 1640 10012),
1183 1558 1331 1641 membr„
1346 1559 1472 1624 formae
1487 1559 1535 1641 8⁰,

315 1664 360 1731 10
377 1664 512 1748 sobedis,
528 1665 657 1731 saeculo
682 1672 717 1731 ut
733 1666 862 1731 uidetur
875 1664 926 1731 XI
942 1666 1149 1751 perscriptus.
1173 1664 1226 1730 De
1246 1666 1307 1731 boe
1322 1666 1416 1746 libro,
1437 1688 1536 1753 quens

317 1772 367 1838 bis
390 1774 460 1859 ipse
482 1771 585 1855 (1853
609 1779 642 1839 et
667 1773 768 1855 1892)
798 1774 930 1854 contuli,
961 1772 1028 1857 egit
1055 1779 1305 1859 aoouratnmqne
1328 1774 1534 1841 oollatiouem

317 1880 495 1967 publicauit
503 1878 541 1944 P.
552 1878 709 1947 Thomas:
721 1876 972 1947 ‘lucubrationes
982 1880 1187 1946 Manilianas.
1197 1879 1531 1966 SeripsitP.'lbomas.

203 2048 205 2053 .
317 1984 430 2053 Gandi‘
452 1985 557 2053 1888!
1044 2005 1047 2012 ·

265 2114 295 2179 2.
320 2114 423 2180 sodex
449 2111 629 2201 Lipsiensis
652 2112 694 2197 (l)
731 2108 787 2180 Νι.
814 2114 899 2179 1465
922 2114 1000 2180 bibl.
1031 2113 1200 2195 Paulinae,
1230 2115 1378 2194 membr,
1408 2114 1535 2181 formae

316 2224 336 2287 4
361 2220 448 2303 mei,
471 2222 523 2287 nel
546 2222 577 2287 2.
600 2222 689 2304 min,
712 2222 882 2288 eontiueus
911 2222 991 2287 folia
1014 2222 1067 2309 96.
1111 2221 1232 2286 Versus
1257 2221 1363 2287 niceni
1389 2222 1473 2287 terni
1499 2221 1535 2285 in

316 2329 431 2415 queuis
453 2330 573 2415 pagine
600 2329 710 2415 scripti
734 2334 817 2395 sunt
856 2329 1083 2415 Antiquiorem
1106 2350 1181 2393 eum
1205 2350 1276 2393 esse
1300 2326 1441 2412 Odsano,
1469 2350 1534 2393 non

315 2436 431 2502 cedere
454 2442 559 2502 astute
582 2433 811 2502 Getnbleeensi
833 2436 913 2501 mibi
936 2436 1068 2523 quidem
1090 2437 1246 2522 persuasi.
1293 2434 1437 2501 Contulit
1459 2456 1534 2500 eum
1642 2468 1645 2475 ·

316 2543 436 2609 librum
467 2542 558 2627 (uide
591 2544 859 2630 subscriptionem
884 2545 918 2610 in
947 2544 1013 2609 fine
1039 2543 1115 2609 libri
1137 2542 1183 2627 V)
1212 2541 1257 2608 ‘in
1284 2545 1423 2628 gretiam
1449 2543 1534 2608 eele-

315 2650 447 2716 berrimi
471 2650 542 2717 Viri
563 2650 697 2717 Riourdi
712 2649 841 2717 Bentlei
856 2652 1001 2737 parantis
1022 2652 1172 2716 omnibus
1188 2652 1330 2716 numeris
1353 2648 1534 2715 absolutam

314 2758 411 2823 buius
439 2764 555 2845 poetae
585 2758 760 2824 editionem
790 2758 896 2823 Iouob.
934 2756 1022 2823 Prid.
1058 2756 1206 2823 Fallerus
1236 2759 1286 2822 Ao
1318 2753 1533 2821 MDOXOIH’

315 2866 402 2931 socio
433 2864 583 2933 adiuncto
615 2862 791 2931 Gotelredo
820 2852 974 2931 Riebtero
1005 2862 1096 2948 (uide
1124 2864 1358 2951 praefationem
1381 2862 1535 2928 editionis

315 2971 553 3057 Bentleianee)‚
575 2994 672 3061 quam
694 2972 898 3039 pollutionem
915 2972 1204 3040 Vratisleniensem
1224 2971 1269 3055 (V
1272 2969 1347 3054 rut.)
1363 2965 1533 3053 uoeanl‘):

313 3080 384 3167 ipse
406 3080 525 3147 librum
549 3081 670 3147 contuli
695 3103 723 3147 u.
753 3082 846 3147 1892.

264 3203 295 3269 3.
319 3205 421 3271 codex
444 3203 591 3271 Oussnns
615 3204 674 3290 (e),
705 3206 893 3273 monasterii
928 3206 1004 3272 olim
1036 3203 1168 3287 (lusani,
1205 3225 1289 3270 nune
1319 3202 1534 3268 bibliothecae

315 3314 425 3397 regiae
440 3312 660 3381 Bruxellensis
676 3312 748 3398 (Nr.
766 3312 904 3395 10699),
921 3313 1069 3395 membr„
1089 3314 1215 3379 lormse
1230 3314 1251 3377 2
1268 3312 1344 3377 min.
1382 3307 1535 3375 Continet

435 3420 441 3425 '
528 3420 536 3430 '
591 3416 1724 3487 “Q

668 3824 943 3932 Corrigenda

364 4003 429 4059 pag.
444 3994 479 4048 13
496 3992 604 4054 lineet)
623 4014 639 4054 a
658 4000 717 4058 fine
734 4004 799 4075 lege
817 4013 871 4066 375
889 4028 942 4081 pro
959 4018 1021 4071 373.

364 4110 429 4167 pag.
443 4101 477 4157 26
496 4102 604 4161 llnee4
622 4121 639 4161 a
657 4110 715 4165 fine
733 4112 799 4183 lege
813 4134 915 4187 porea
932 4136 984 4190 pro
999 4130 1107 4193 parent.

362 4218 427 4275 pag.
441 4208 475 4262 39
493 4208 601 4269 lineae
621 4228 637 4269 a
655 4216 713 4273 fine
732 4218 797 4308 lege
816 4226 1030 4299 Hectoreumpea
1048 4248 1100 4301 pro
1119 4236 1337 4310 Raetorumque.

362 4326 427 4382 pag.
440 4315 475 4371 39
492 4314 572 4373 linea
584 4320 619 4375 24
638 4323 674 4379 ab
693 4324 779 4384 initio
798 4328 863 4399 lege
883 4333 954 4391 libra
970 4350 1024 4406 pro
1042 4340 1131 4396 circlis.

359 4430 423 4487 pag.
437 4424 471 4476 41
490 4420 600 4481 lineat
618 4441 636 4482 a
654 4429 712 4486 fine
730 4431 796 4503 lege
816 4438 841 4491 d.
860 4456 885 4493 o.
904 4456 926 4495 a.
945 4456 998 4511 pro
1016 4462 1075 4501 uas.

359 4537 425 4594 pag.
438 4528 473 4583 72
491 4527 569 4587 linea
583 4536 615 4590 17
635 4534 672 4591 ab
691 4536 776 4596 initio
795 4540 861 4613 lege
880 4550 952 4605 teat
969 4564 1022 4619 pro
1039 4554 1123 4621 ferat.
1187 4540 1192 4549 ’

359 4644 425 4701 pag.
439 4637 473 4691 76
490 4634 569 4694 linea
583 4643 598 4697 7
617 4641 653 4697 ab
673 4642 758 4703 initio
777 4646 843 4719 lege
858 4650 922 4709 'ube
939 4670 992 4726 pro
1009 4660 1087 4715 ortis
