<?xml version="1.0" encoding="UTF-8"?>
<!DOCTYPE html PUBLIC "-//W3C//DTD XHTML 1.0 Transitional//EN"
    "http://www.w3.org/TR/xhtml1/DTD/xhtml1-transitional.dtd">
<html xmlns="http://www.w3.org/1999/xhtml" xml:lang="en" lang="en">
 <head>
  <title>
</title>
<meta http-equiv="Content-Type" content="text/html;charset=utf-8" />
  <meta name='ocr-system' content='tesseract 3.04.00' />
  <meta name='ocr-capabilities' content='ocr_page ocr_carea ocr_par ocr_line ocrx_word'/>
</head>
<body>
  <div class='ocr_page' id='page_1' title='image "./mmanilivsastron00breigoog/mmanilivsastron00breigoog_0159.png"; bbox 0 0 3642 5259; ppageno 0'>
   <div class='ocr_carea' id='block_1_1' title="bbox 687 379 1029 439">
    <p class='ocr_par' dir='ltr' id='par_1_1' title="bbox 687 379 1029 439">
     <span class='ocr_line' id='line_1_1' title="bbox 687 379 1029 439; baseline 0.006 -2"><span class='ocrx_word' id='word_1_1' title='bbox 687 379 773 437; x_wconf 81' lang='lat' dir='ltr'>tiber</span> <span class='ocrx_word' id='word_1_2' title='bbox 792 380 840 438; x_wconf 80' lang='lat' dir='ltr'>lv.</span> <span class='ocrx_word' id='word_1_3' title='bbox 877 382 1029 439; x_wconf 81' lang='grc'>799-914.</span> 
     </span>
    </p>
   </div>
   <div class='ocr_carea' id='block_1_2' title="bbox 216 598 1466 3377">
    <p class='ocr_par' dir='ltr' id='par_1_2' title="bbox 216 598 1466 3377">
     <span class='ocr_line' id='line_1_2' title="bbox 355 598 1128 686; baseline -0.003 -21"><span class='ocrx_word' id='word_1_4' title='bbox 355 600 566 686; x_wconf 85' lang='lat' dir='ltr'>proximaque</span> <span class='ocrx_word' id='word_1_5' title='bbox 589 598 704 665; x_wconf 86' lang='lat' dir='ltr'>Italiae</span> <span class='ocrx_word' id='word_1_6' title='bbox 727 599 817 665; x_wconf 92' lang='lat' dir='ltr'>tenui</span> <span class='ocrx_word' id='word_1_7' title='bbox 839 598 946 665; x_wconf 90' lang='lat' dir='ltr'>diuisa</span> <span class='ocrx_word' id='word_1_8' title='bbox 968 599 1128 685; x_wconf 80' lang='lat' dir='ltr'>profundo</span> 
     </span>
     <span class='ocr_line' id='line_1_3' title="bbox 216 706 1219 794; baseline -0.002 -21"><span class='ocrx_word' id='word_1_9' title='bbox 216 744 225 758; x_wconf 90' lang='lat'><strong>·</strong></span> <span class='ocrx_word' id='word_1_10' title='bbox 302 730 342 773; x_wconf 86' lang='lat' dir='ltr'>rso</span> <span class='ocrx_word' id='word_1_11' title='bbox 357 728 416 773; x_wconf 89' lang='lat' dir='ltr'>cra</span> <span class='ocrx_word' id='word_1_12' title='bbox 436 708 524 793; x_wconf 88' lang='lat' dir='ltr'>paris</span> <span class='ocrx_word' id='word_1_13' title='bbox 549 707 695 794; x_wconf 89' lang='lat' dir='ltr'>sequitur</span> <span class='ocrx_word' id='word_1_14' title='bbox 717 706 807 791; x_wconf 87' lang='lat' dir='ltr'>leges</span> <span class='ocrx_word' id='word_1_15' title='bbox 832 727 890 771; x_wconf 87' lang='lat' dir='ltr'>uec</span> <span class='ocrx_word' id='word_1_16' title='bbox 914 706 1020 772; x_wconf 89' lang='lat' dir='ltr'>sidere</span> <span class='ocrx_word' id='word_1_17' title='bbox 1040 713 1139 793; x_wconf 85' lang='lat' dir='ltr'>rupta</span> <span class='ocrx_word' id='word_1_18' title='bbox 1161 714 1219 773; x_wconf 88' lang='lat' dir='ltr'>est.</span> 
     </span>
     <span class='ocr_line' id='line_1_4' title="bbox 356 813 1252 901; baseline -0.001 -21"><span class='ocrx_word' id='word_1_19' title='bbox 356 822 401 898; x_wconf 88' lang='lat' dir='ltr'>tu,</span> <span class='ocrx_word' id='word_1_20' title='bbox 425 816 623 901; x_wconf 79' lang='lat' dir='ltr'><strong>capricorno,</strong></span> <span class='ocrx_word' id='word_1_21' title='bbox 648 815 744 900; x_wconf 87' lang='lat' dir='ltr'>regis,</span> <span class='ocrx_word' id='word_1_22' title='bbox 769 813 922 900; x_wconf 89' lang='lat' dir='ltr'>quicquid</span> <span class='ocrx_word' id='word_1_23' title='bbox 946 815 1005 881; x_wconf 91' lang='lat' dir='ltr'>sub</span> <span class='ocrx_word' id='word_1_24' title='bbox 1027 815 1094 880; x_wconf 88' lang='lat' dir='ltr'>sole</span> <span class='ocrx_word' id='word_1_25' title='bbox 1118 815 1252 881; x_wconf 82' lang='lat' dir='ltr'>cadente</span> 
     </span>
     <span class='ocr_line' id='line_1_5' title="bbox 311 921 1358 1009; baseline 0 -22"><span class='ocrx_word' id='word_1_26' title='bbox 311 922 313 925; x_wconf 75' lang='grc'><strong>’</strong></span> <span class='ocrx_word' id='word_1_27' title='bbox 355 929 405 988; x_wconf 89' lang='lat' dir='ltr'>sst</span> <span class='ocrx_word' id='word_1_28' title='bbox 427 922 578 1009; x_wconf 88' lang='lat' dir='ltr'>positum,</span> <span class='ocrx_word' id='word_1_29' title='bbox 602 923 809 1009; x_wconf 80' lang='lat' dir='ltr'>gelidamque</span> <span class='ocrx_word' id='word_1_30' title='bbox 831 921 969 987; x_wconf 87' lang='lat' dir='ltr'>Helicen</span> <span class='ocrx_word' id='word_1_31' title='bbox 992 922 1079 1008; x_wconf 90' lang='lat' dir='ltr'>qued</span> <span class='ocrx_word' id='word_1_32' title='bbox 1103 923 1206 1007; x_wconf 87' lang='lat' dir='ltr'>tangit</span> <span class='ocrx_word' id='word_1_33' title='bbox 1229 922 1270 989; x_wconf 89' lang='lat' dir='ltr'>ab</span> <span class='ocrx_word' id='word_1_34' title='bbox 1292 922 1358 1001; x_wconf 89' lang='lat' dir='ltr'>illc,</span> 
     </span>
     <span class='ocr_line' id='line_1_6' title="bbox 355 1028 1156 1117; baseline -0.001 -21"><span class='ocrx_word' id='word_1_35' title='bbox 355 1029 520 1116; x_wconf 87' lang='lat' dir='ltr'>Hispanas</span> <span class='ocrx_word' id='word_1_36' title='bbox 542 1037 655 1117; x_wconf 86' lang='lat' dir='ltr'>gentes</span> <span class='ocrx_word' id='word_1_37' title='bbox 680 1036 712 1095; x_wconf 89' lang='lat' dir='ltr'>et</span> <span class='ocrx_word' id='word_1_38' title='bbox 735 1034 814 1116; x_wconf 86' lang='lat' dir='ltr'>quot</span> <span class='ocrx_word' id='word_1_39' title='bbox 836 1030 900 1095; x_wconf 79' lang='lat' dir='ltr'>fert</span> <span class='ocrx_word' id='word_1_40' title='bbox 923 1028 1031 1095; x_wconf 82' lang='lat' dir='ltr'>Gadis</span> <span class='ocrx_word' id='word_1_41' title='bbox 1054 1030 1156 1112; x_wconf 88' lang='lat' dir='ltr'>diues,</span> 
     </span>
     <span class='ocr_line' id='line_1_7' title="bbox 356 1136 1276 1225; baseline -0.001 -22"><span class='ocrx_word' id='word_1_42' title='bbox 356 1144 452 1224; x_wconf 87' lang='lat' dir='ltr'>teque</span> <span class='ocrx_word' id='word_1_43' title='bbox 475 1138 553 1203; x_wconf 82' lang='lat' dir='ltr'>feris</span> <span class='ocrx_word' id='word_1_44' title='bbox 577 1138 710 1225; x_wconf 80' lang='lat' dir='ltr'><strong>dignam</strong></span> <span class='ocrx_word' id='word_1_45' title='bbox 735 1143 871 1219; x_wconf 90' lang='lat' dir='ltr'>tautum,</span> <span class='ocrx_word' id='word_1_46' title='bbox 896 1136 1084 1219; x_wconf 76' lang='lat' dir='ltr'>Germania,</span> <span class='ocrx_word' id='word_1_47' title='bbox 1108 1144 1245 1203; x_wconf 89' lang='lat' dir='ltr'>matrem</span> <span class='ocrx_word' id='word_1_48' title='bbox 1270 1209 1276 1219; x_wconf 60' lang='grc'><em>,</em></span> 
     </span>
     <span class='ocr_line' id='line_1_8' title="bbox 302 1245 1174 1332; baseline 0 -22"><span class='ocrx_word' id='word_1_49' title='bbox 302 1268 342 1311; x_wconf 83' lang='lat' dir='ltr'>res</span> <span class='ocrx_word' id='word_1_50' title='bbox 357 1247 471 1311; x_wconf 88' lang='lat' dir='ltr'>asserit</span> <span class='ocrx_word' id='word_1_51' title='bbox 493 1246 683 1331; x_wconf 86' lang='lat' dir='ltr'>ambiguum</span> <span class='ocrx_word' id='word_1_52' title='bbox 705 1245 795 1311; x_wconf 91' lang='lat' dir='ltr'>sidus</span> <span class='ocrx_word' id='word_1_53' title='bbox 818 1252 988 1331; x_wconf 78' lang='lat' dir='ltr'>terraeque</span> <span class='ocrx_word' id='word_1_54' title='bbox 1012 1246 1174 1332; x_wconf 89' lang='lat' dir='ltr'>marisque</span> 
     </span>
     <span class='ocr_line' id='line_1_9' title="bbox 355 1352 1204 1441; baseline 0.002 -24"><span class='ocrx_word' id='word_1_55' title='bbox 355 1352 496 1418; x_wconf 88' lang='lat' dir='ltr'>aestibus</span> <span class='ocrx_word' id='word_1_56' title='bbox 521 1354 659 1420; x_wconf 76' lang='lat' dir='ltr'>assiduis</span> <span class='ocrx_word' id='word_1_57' title='bbox 681 1359 817 1441; x_wconf 90' lang='lat' dir='ltr'>pontum</span> <span class='ocrx_word' id='word_1_58' title='bbox 840 1358 1008 1439; x_wconf 90' lang='lat' dir='ltr'>terrasque</span> <span class='ocrx_word' id='word_1_59' title='bbox 1031 1359 1204 1419; x_wconf 89' lang='lat' dir='ltr'>tenentem.</span> 
     </span>
     <span class='ocr_line' id='line_1_10' title="bbox 357 1460 1137 1527; baseline 0.004 -3"><span class='ocrx_word' id='word_1_60' title='bbox 357 1460 414 1525; x_wconf 91' lang='lat' dir='ltr'>sed</span> <span class='ocrx_word' id='word_1_61' title='bbox 437 1461 565 1527; x_wconf 89' lang='lat' dir='ltr'>iuuenis</span> <span class='ocrx_word' id='word_1_62' title='bbox 589 1463 693 1527; x_wconf 89' lang='lat' dir='ltr'>nudes</span> <span class='ocrx_word' id='word_1_63' title='bbox 715 1461 874 1527; x_wconf 80' lang='lat' dir='ltr'>formatus</span> <span class='ocrx_word' id='word_1_64' title='bbox 896 1462 1024 1527; x_wconf 90' lang='lat' dir='ltr'>mollier</span> <span class='ocrx_word' id='word_1_65' title='bbox 1048 1468 1137 1527; x_wconf 90' lang='lat' dir='ltr'>artus</span> 
     </span>
     <span class='ocr_line' id='line_1_11' title="bbox 356 1566 1253 1656; baseline 0 -24"><span class='ocrx_word' id='word_1_66' title='bbox 356 1566 541 1654; x_wconf 83' lang='lat' dir='ltr'>Aegyptum</span> <span class='ocrx_word' id='word_1_67' title='bbox 564 1569 607 1635; x_wconf 89' lang='lat' dir='ltr'>ad</span> <span class='ocrx_word' id='word_1_68' title='bbox 629 1570 771 1655; x_wconf 86' lang='lat' dir='ltr'>tepidam</span> <span class='ocrx_word' id='word_1_69' title='bbox 794 1567 909 1656; x_wconf 80' lang='lat' dir='ltr'>Tyrias</span> <span class='ocrx_word' id='word_1_70' title='bbox 933 1568 1107 1656; x_wconf 79' lang='lat' dir='ltr'>Syriaeque</span> <span class='ocrx_word' id='word_1_71' title='bbox 1131 1568 1253 1635; x_wconf 85' lang='lat' dir='ltr'>recedit</span> 
     </span>
     <span class='ocr_line' id='line_1_12' title="bbox 357 1673 1160 1763; baseline 0.002 -24"><span class='ocrx_word' id='word_1_72' title='bbox 357 1680 390 1739; x_wconf 88' lang='lat' dir='ltr'>st</span> <span class='ocrx_word' id='word_1_73' title='bbox 412 1673 548 1742; x_wconf 81' lang='lat' dir='ltr'>Cilicum</span> <span class='ocrx_word' id='word_1_74' title='bbox 571 1683 686 1763; x_wconf 81' lang='lat' dir='ltr'>gentes</span> <span class='ocrx_word' id='word_1_75' title='bbox 709 1676 872 1743; x_wconf 86' lang='lat' dir='ltr'>uicisset</span> <span class='ocrx_word' id='word_1_76' title='bbox 895 1677 1048 1763; x_wconf 88' lang='lat' dir='ltr'>aquarius</span> <span class='ocrx_word' id='word_1_77' title='bbox 1071 1698 1160 1742; x_wconf 88' lang='lat' dir='ltr'>arua.</span> 
     </span>
     <span class='ocr_line' id='line_1_13' title="bbox 303 1781 1296 1870; baseline -0.001 -21"><span class='ocrx_word' id='word_1_78' title='bbox 303 1803 345 1849; x_wconf 85' lang='lat' dir='ltr'>sen</span> <span class='ocrx_word' id='word_1_79' title='bbox 358 1782 499 1867; x_wconf 90' lang='lat' dir='ltr'>piscibus</span> <span class='ocrx_word' id='word_1_80' title='bbox 522 1781 707 1870; x_wconf 80' lang='lat' dir='ltr'>Euphrates</span> <span class='ocrx_word' id='word_1_81' title='bbox 729 1785 825 1850; x_wconf 88' lang='lat' dir='ltr'>datus</span> <span class='ocrx_word' id='word_1_82' title='bbox 848 1790 907 1865; x_wconf 85' lang='lat' dir='ltr'>est,</span> <span class='ocrx_word' id='word_1_83' title='bbox 932 1783 988 1851; x_wconf 92' lang='lat' dir='ltr'>ubi</span> <span class='ocrx_word' id='word_1_84' title='bbox 1010 1783 1108 1869; x_wconf 87' lang='lat' dir='ltr'>piscis</span> <span class='ocrx_word' id='word_1_85' title='bbox 1128 1790 1296 1869; x_wconf 80' lang='lat' dir='ltr'>÷uruptor,</span> 
     </span>
     <span class='ocr_line' id='line_1_14' title="bbox 353 1890 1256 1979; baseline 0.002 -25"><span class='ocrx_word' id='word_1_86' title='bbox 353 1911 427 1955; x_wconf 86' lang='lat' dir='ltr'>cum</span> <span class='ocrx_word' id='word_1_87' title='bbox 449 1890 578 1977; x_wconf 85' lang='lat' dir='ltr'>fugeret</span> <span class='ocrx_word' id='word_1_88' title='bbox 600 1891 769 1979; x_wconf 81' lang='lat' dir='ltr'>Typhona,</span> <span class='ocrx_word' id='word_1_89' title='bbox 792 1892 904 1957; x_wconf 90' lang='lat' dir='ltr'>Venus</span> <span class='ocrx_word' id='word_1_90' title='bbox 928 1892 1074 1957; x_wconf 87' lang='lat' dir='ltr'>subsedit</span> <span class='ocrx_word' id='word_1_91' title='bbox 1095 1892 1129 1957; x_wconf 91' lang='lat' dir='ltr'>in</span> <span class='ocrx_word' id='word_1_92' title='bbox 1152 1892 1256 1957; x_wconf 88' lang='lat' dir='ltr'>undis.</span> 
     </span>
     <span class='ocr_line' id='line_1_15' title="bbox 357 1998 1176 2086; baseline 0.001 -24"><span class='ocrx_word' id='word_1_93' title='bbox 357 2018 477 2083; x_wconf 91' lang='lat' dir='ltr'>magna</span> <span class='ocrx_word' id='word_1_94' title='bbox 498 2000 583 2065; x_wconf 87' lang='lat' dir='ltr'>iacet</span> <span class='ocrx_word' id='word_1_95' title='bbox 605 1999 700 2065; x_wconf 89' lang='lat' dir='ltr'>tellus</span> <span class='ocrx_word' id='word_1_96' title='bbox 722 2000 851 2086; x_wconf 87' lang='lat' dir='ltr'>maguis</span> <span class='ocrx_word' id='word_1_97' title='bbox 874 1999 1075 2065; x_wconf 85' lang='lat' dir='ltr'>circumdata</span> <span class='ocrx_word' id='word_1_98' title='bbox 1097 1998 1176 2085; x_wconf 87' lang='lat' dir='ltr'>ripis</span> 
     </span>
     <span class='ocr_line' id='line_1_16' title="bbox 357 2102 1286 2193; baseline 0 -24"><span class='ocrx_word' id='word_1_99' title='bbox 357 2102 487 2171; x_wconf 88' lang='lat' dir='ltr'>Parthis</span> <span class='ocrx_word' id='word_1_100' title='bbox 510 2112 543 2171; x_wconf 89' lang='lat' dir='ltr'>et</span> <span class='ocrx_word' id='word_1_101' title='bbox 565 2129 585 2172; x_wconf 92' lang='lat' dir='ltr'>a</span> <span class='ocrx_word' id='word_1_102' title='bbox 608 2106 739 2173; x_wconf 82' lang='lat' dir='ltr'>Parthis</span> <span class='ocrx_word' id='word_1_103' title='bbox 762 2107 904 2173; x_wconf 88' lang='lat' dir='ltr'>domitae</span> <span class='ocrx_word' id='word_1_104' title='bbox 927 2128 985 2193; x_wconf 86' lang='lat' dir='ltr'>per</span> <span class='ocrx_word' id='word_1_105' title='bbox 1008 2106 1140 2173; x_wconf 87' lang='lat' dir='ltr'>saecula</span> <span class='ocrx_word' id='word_1_106' title='bbox 1161 2111 1286 2191; x_wconf 86' lang='lat' dir='ltr'>gentes,</span> 
     </span>
     <span class='ocr_line' id='line_1_17' title="bbox 358 2156 1466 2319; baseline 0 -42"><span class='ocrx_word' id='word_1_107' title='bbox 358 2210 541 2299; x_wconf 82' lang='lat' dir='ltr'>Bactraque</span> <span class='ocrx_word' id='word_1_108' title='bbox 564 2219 597 2278; x_wconf 89' lang='lat' dir='ltr'>et</span> <span class='ocrx_word' id='word_1_109' title='bbox 618 2205 775 2319; x_wconf 60' lang='lat' dir='ltr'>Hyrfani,</span> <span class='ocrx_word' id='word_1_110' title='bbox 799 2212 947 2299; x_wconf 79' lang='lat' dir='ltr'>Babylon</span> <span class='ocrx_word' id='word_1_111' title='bbox 970 2220 1003 2279; x_wconf 91' lang='lat' dir='ltr'>et</span> <span class='ocrx_word' id='word_1_112' title='bbox 1026 2214 1111 2279; x_wconf 86' lang='lat' dir='ltr'>Susa</span> <span class='ocrx_word' id='word_1_113' title='bbox 1133 2212 1315 2299; x_wconf 89' lang='lat' dir='ltr'>Panosque,</span> <span class='ocrx_word' id='word_1_114' title='bbox 1411 2156 1466 2302; x_wconf 55' lang='lat' dir='ltr'>bs</span> 
     </span>
     <span class='ocr_line' id='line_1_18' title="bbox 303 2307 1438 2407; baseline -0.002 -21"><span class='ocrx_word' id='word_1_115' title='bbox 303 2341 344 2386; x_wconf 84' lang='lat' dir='ltr'>scs</span> <span class='ocrx_word' id='word_1_116' title='bbox 357 2320 554 2407; x_wconf 88' lang='lat' dir='ltr'>nominaque</span> <span class='ocrx_word' id='word_1_117' title='bbox 576 2320 756 2387; x_wconf 88' lang='lat' dir='ltr'>innumeris</span> <span class='ocrx_word' id='word_1_118' title='bbox 779 2321 834 2385; x_wconf 80' lang='lat' dir='ltr'>uis</span> <span class='ocrx_word' id='word_1_119' title='bbox 857 2321 1103 2406; x_wconf 87' lang='lat' dir='ltr'>complectenda</span> <span class='ocrx_word' id='word_1_120' title='bbox 1125 2321 1247 2405; x_wconf 87' lang='lat' dir='ltr'>figuris,</span> <span class='ocrx_word' id='word_1_121' title='bbox 1432 2307 1438 2338; x_wconf 77' lang='lat'><strong><em>¹</em></strong></span> 
     </span>
     <span class='ocr_line' id='line_1_19' title="bbox 357 2426 1113 2515; baseline 0.001 -24"><span class='ocrx_word' id='word_1_122' title='bbox 357 2432 389 2491; x_wconf 92' lang='lat' dir='ltr'>et</span> <span class='ocrx_word' id='word_1_123' title='bbox 411 2426 519 2511; x_wconf 85' lang='lat' dir='ltr'>Tigris</span> <span class='ocrx_word' id='word_1_124' title='bbox 542 2434 575 2492; x_wconf 91' lang='lat' dir='ltr'>et</span> <span class='ocrx_word' id='word_1_125' title='bbox 597 2428 687 2494; x_wconf 91' lang='lat' dir='ltr'>rubri</span> <span class='ocrx_word' id='word_1_126' title='bbox 709 2428 871 2493; x_wconf 87' lang='lat' dir='ltr'>radiantia</span> <span class='ocrx_word' id='word_1_127' title='bbox 894 2429 990 2495; x_wconf 90' lang='lat' dir='ltr'>litora</span> <span class='ocrx_word' id='word_1_128' title='bbox 1013 2428 1113 2515; x_wconf 89' lang='lat' dir='ltr'>ponti.</span> 
     </span>
     <span class='ocr_line' id='line_1_20' title="bbox 320 2532 1141 2621; baseline 0.005 -24"><span class='ocrx_word' id='word_1_129' title='bbox 320 2563 322 2566; x_wconf 95' lang='lat'>·</span> <span class='ocrx_word' id='word_1_130' title='bbox 358 2533 404 2598; x_wconf 91' lang='lat' dir='ltr'>sic</span> <span class='ocrx_word' id='word_1_131' title='bbox 427 2532 532 2600; x_wconf 89' lang='lat' dir='ltr'>diuisa</span> <span class='ocrx_word' id='word_1_132' title='bbox 555 2541 664 2600; x_wconf 87' lang='lat' dir='ltr'>manet</span> <span class='ocrx_word' id='word_1_133' title='bbox 686 2535 781 2601; x_wconf 87' lang='lat' dir='ltr'>tellus</span> <span class='ocrx_word' id='word_1_134' title='bbox 803 2556 862 2621; x_wconf 87' lang='lat' dir='ltr'>per</span> <span class='ocrx_word' id='word_1_135' title='bbox 884 2535 993 2601; x_wconf 91' lang='lat' dir='ltr'>sidera</span> <span class='ocrx_word' id='word_1_136' title='bbox 1015 2540 1141 2615; x_wconf 85' lang='lat' dir='ltr'>cuneta,</span> 
     </span>
     <span class='ocr_line' id='line_1_21' title="bbox 358 2642 1259 2729; baseline 0.001 -24"><span class='ocrx_word' id='word_1_137' title='bbox 358 2642 517 2727; x_wconf 87' lang='lat' dir='ltr'>equibus</span> <span class='ocrx_word' id='word_1_138' title='bbox 538 2644 573 2709; x_wconf 91' lang='lat' dir='ltr'>in</span> <span class='ocrx_word' id='word_1_139' title='bbox 596 2643 743 2729; x_wconf 87' lang='lat' dir='ltr'>proprias</span> <span class='ocrx_word' id='word_1_140' title='bbox 765 2650 875 2729; x_wconf 89' lang='lat' dir='ltr'>partes</span> <span class='ocrx_word' id='word_1_141' title='bbox 898 2649 974 2708; x_wconf 92' lang='lat' dir='ltr'>suut</span> <span class='ocrx_word' id='word_1_142' title='bbox 996 2644 1068 2709; x_wconf 88' lang='lat' dir='ltr'>iure</span> <span class='ocrx_word' id='word_1_143' title='bbox 1091 2642 1259 2707; x_wconf 86' lang='lat' dir='ltr'>trahenda.</span> 
     </span>
     <span class='ocr_line' id='line_1_22' title="bbox 359 2750 1342 2836; baseline 0 -24"><span class='ocrx_word' id='word_1_144' title='bbox 359 2769 499 2834; x_wconf 89' lang='lat' dir='ltr'>namque</span> <span class='ocrx_word' id='word_1_145' title='bbox 522 2751 637 2815; x_wconf 87' lang='lat' dir='ltr'>eadem</span> <span class='ocrx_word' id='word_1_146' title='bbox 660 2771 744 2836; x_wconf 87' lang='lat' dir='ltr'>quae</span> <span class='ocrx_word' id='word_1_147' title='bbox 767 2757 843 2815; x_wconf 90' lang='lat' dir='ltr'>sunt</span> <span class='ocrx_word' id='word_1_148' title='bbox 864 2751 965 2835; x_wconf 86' lang='lat' dir='ltr'>signis</span> <span class='ocrx_word' id='word_1_149' title='bbox 985 2750 1179 2815; x_wconf 86' lang='lat' dir='ltr'>commercia</span> <span class='ocrx_word' id='word_1_150' title='bbox 1201 2754 1342 2813; x_wconf 86' lang='lat' dir='ltr'>seruant.</span> 
     </span>
     <span class='ocr_line' id='line_1_23' title="bbox 304 2858 1220 2945; baseline 0.003 -26"><span class='ocrx_word' id='word_1_151' title='bbox 304 2878 346 2921; x_wconf 83' lang='lat' dir='ltr'>sn</span> <span class='ocrx_word' id='word_1_152' title='bbox 359 2861 459 2941; x_wconf 91' lang='lat' dir='ltr'>utque</span> <span class='ocrx_word' id='word_1_153' title='bbox 481 2858 538 2922; x_wconf 91' lang='lat' dir='ltr'>illa</span> <span class='ocrx_word' id='word_1_154' title='bbox 559 2858 644 2923; x_wconf 90' lang='lat' dir='ltr'>inter</span> <span class='ocrx_word' id='word_1_155' title='bbox 667 2880 702 2923; x_wconf 91' lang='lat' dir='ltr'>se</span> <span class='ocrx_word' id='word_1_156' title='bbox 725 2864 843 2924; x_wconf 88' lang='lat' dir='ltr'>coeunt</span> <span class='ocrx_word' id='word_1_157' title='bbox 865 2858 1004 2943; x_wconf 87' lang='lat' dir='ltr'>odioque</span> <span class='ocrx_word' id='word_1_158' title='bbox 1026 2863 1220 2945; x_wconf 88' lang='lat' dir='ltr'>repugnant,</span> 
     </span>
     <span class='ocr_line' id='line_1_24' title="bbox 358 2965 1224 3052; baseline 0.005 -25"><span class='ocrx_word' id='word_1_159' title='bbox 358 2984 445 3028; x_wconf 90' lang='lat' dir='ltr'>nunc</span> <span class='ocrx_word' id='word_1_160' title='bbox 468 2965 607 3031; x_wconf 86' lang='lat' dir='ltr'>aduersa</span> <span class='ocrx_word' id='word_1_161' title='bbox 628 2967 704 3052; x_wconf 88' lang='lat' dir='ltr'>polo</span> <span class='ocrx_word' id='word_1_162' title='bbox 728 2988 814 3033; x_wconf 88' lang='lat' dir='ltr'>nunc</span> <span class='ocrx_word' id='word_1_163' title='bbox 837 2973 869 3031; x_wconf 89' lang='lat' dir='ltr'>et</span> <span class='ocrx_word' id='word_1_164' title='bbox 891 2968 1064 3033; x_wconf 88' lang='lat' dir='ltr'>coniuncta</span> <span class='ocrx_word' id='word_1_165' title='bbox 1086 2966 1224 3051; x_wconf 87' lang='lat' dir='ltr'>trigeno,</span> 
     </span>
     <span class='ocr_line' id='line_1_25' title="bbox 359 3074 1259 3160; baseline 0.002 -25"><span class='ocrx_word' id='word_1_166' title='bbox 359 3090 508 3159; x_wconf 91' lang='lat' dir='ltr'>quasque</span> <span class='ocrx_word' id='word_1_167' title='bbox 531 3074 651 3139; x_wconf 85' lang='lat' dir='ltr'>atisin</span> <span class='ocrx_word' id='word_1_168' title='bbox 676 3075 784 3141; x_wconf 89' lang='lat' dir='ltr'>uarios</span> <span class='ocrx_word' id='word_1_169' title='bbox 807 3075 942 3141; x_wconf 84' lang='lat' dir='ltr'>affectus</span> <span class='ocrx_word' id='word_1_170' title='bbox 966 3096 1065 3140; x_wconf 85' lang='lat' dir='ltr'>causa</span> <span class='ocrx_word' id='word_1_171' title='bbox 1088 3074 1259 3160; x_wconf 87' lang='lat' dir='ltr'>gubernat,</span> 
     </span>
     <span class='ocr_line' id='line_1_26' title="bbox 358 3178 1167 3268; baseline 0.006 -26"><span class='ocrx_word' id='word_1_172' title='bbox 358 3178 404 3243; x_wconf 89' lang='lat' dir='ltr'>sie</span> <span class='ocrx_word' id='word_1_173' title='bbox 427 3185 532 3246; x_wconf 89' lang='lat' dir='ltr'>terrae</span> <span class='ocrx_word' id='word_1_174' title='bbox 556 3183 652 3247; x_wconf 89' lang='lat' dir='ltr'>terris</span> <span class='ocrx_word' id='word_1_175' title='bbox 676 3182 882 3268; x_wconf 88' lang='lat' dir='ltr'>respondent,</span> <span class='ocrx_word' id='word_1_176' title='bbox 906 3182 1038 3249; x_wconf 88' lang='lat' dir='ltr'>orbibus</span> <span class='ocrx_word' id='word_1_177' title='bbox 1061 3184 1167 3263; x_wconf 87' lang='lat' dir='ltr'>orbes,</span> 
     </span>
     <span class='ocr_line' id='line_1_27' title="bbox 357 3285 1089 3377; baseline 0.008 -28"><span class='ocrx_word' id='word_1_178' title='bbox 357 3285 453 3352; x_wconf 84' lang='lat' dir='ltr'>litora</span> <span class='ocrx_word' id='word_1_179' title='bbox 474 3286 633 3371; x_wconf 83' lang='lat' dir='ltr'>litoribus,</span> <span class='ocrx_word' id='word_1_180' title='bbox 657 3290 766 3377; x_wconf 88' lang='lat' dir='ltr'>reguis</span> <span class='ocrx_word' id='word_1_181' title='bbox 790 3292 952 3356; x_wconf 85' lang='lat' dir='ltr'>contraria</span> <span class='ocrx_word' id='word_1_182' title='bbox 974 3311 1089 3376; x_wconf 83' lang='lat' dir='ltr'>regna3</span> 
     </span>
    </p>
   </div>
   <div class='ocr_carea' id='block_1_3' title="bbox 196 3426 1512 3743">
    <p class='ocr_par' dir='ltr' id='par_1_3' title="bbox 196 3426 1512 3743">
     <span class='ocr_line' id='line_1_28' title="bbox 306 3426 1512 3547; baseline 0 -20"><span class='ocrx_word' id='word_1_183' title='bbox 306 3471 358 3527; x_wconf 86' lang='grc'>789</span> <span class='ocrx_word' id='word_1_184' title='bbox 370 3470 448 3527; x_wconf 80' lang='lat' dir='ltr'>italie</span> <span class='ocrx_word' id='word_1_185' title='bbox 460 3476 515 3529; x_wconf 84' lang='lat' dir='ltr'>ste</span> <span class='ocrx_word' id='word_1_186' title='bbox 528 3503 560 3512; x_wconf 94' lang='lat'><em>-</em></span> <span class='ocrx_word' id='word_1_187' title='bbox 574 3426 728 3545; x_wconf 71' lang='lat' dir='ltr'>&#39;i90pntris</span> <span class='ocrx_word' id='word_1_188' title='bbox 739 3475 750 3533; x_wconf 93' lang='lat' dir='ltr'>l</span> <span class='ocrx_word' id='word_1_189' title='bbox 762 3476 844 3547; x_wconf 76' lang='lat' dir='ltr'>paris</span> <span class='ocrx_word' id='word_1_190' title='bbox 857 3492 884 3533; x_wconf 94' lang='lat' dir='ltr'>m</span> <span class='ocrx_word' id='word_1_191' title='bbox 898 3474 992 3546; x_wconf 83' lang='lat' dir='ltr'>patris</span> <span class='ocrx_word' id='word_1_192' title='bbox 1004 3490 1044 3545; x_wconf 79' lang='lat' dir='ltr'>gc</span> <span class='ocrx_word' id='word_1_193' title='bbox 1060 3481 1099 3530; x_wconf 86' lang='lat' dir='ltr'>est</span> <span class='ocrx_word' id='word_1_194' title='bbox 1111 3473 1195 3530; x_wconf 82' lang='lat' dir='ltr'>deest</span> <span class='ocrx_word' id='word_1_195' title='bbox 1207 3472 1236 3528; x_wconf 92' lang='lat' dir='ltr'>iu</span> <span class='ocrx_word' id='word_1_196' title='bbox 1251 3488 1271 3542; x_wconf 79' lang='lat' dir='ltr'>g</span> <span class='ocrx_word' id='word_1_197' title='bbox 1284 3501 1317 3510; x_wconf 93' lang='lat'>—</span> <span class='ocrx_word' id='word_1_198' title='bbox 1330 3474 1381 3529; x_wconf 88' lang='grc'>791</span> <span class='ocrx_word' id='word_1_199' title='bbox 1394 3470 1512 3540; x_wconf 68' lang='lat' dir='ltr'>capriat-</span> 
     </span>
     <span class='ocr_line' id='line_1_29' title="bbox 196 3567 1512 3644; baseline 0.001 -22"><span class='ocrx_word' id='word_1_200' title='bbox 196 3582 318 3623; x_wconf 76' lang='lat' dir='ltr'>comem</span> <span class='ocrx_word' id='word_1_201' title='bbox 343 3567 479 3625; x_wconf 59' lang='lat' dir='ltr'>adesum</span> <span class='ocrx_word' id='word_1_202' title='bbox 494 3570 562 3628; x_wconf 86' lang='lat' dir='ltr'>lmc</span> <span class='ocrx_word' id='word_1_203' title='bbox 588 3572 730 3643; x_wconf 76' lang='lat' dir='ltr'>cadeateg</span> <span class='ocrx_word' id='word_1_204' title='bbox 755 3603 788 3611; x_wconf 96' lang='lat'><em>-</em></span> <span class='ocrx_word' id='word_1_205' title='bbox 816 3576 869 3631; x_wconf 82' lang='grc'>799</span> <span class='ocrx_word' id='word_1_206' title='bbox 897 3574 1078 3644; x_wconf 57' lang='lat' dir='ltr'>apostema</span> <span class='ocrx_word' id='word_1_207' title='bbox 1102 3606 1135 3614; x_wconf 85' lang='lat'>—-</span> <span class='ocrx_word' id='word_1_208' title='bbox 1160 3574 1214 3629; x_wconf 89' lang='grc'>793</span> <span class='ocrx_word' id='word_1_209' title='bbox 1236 3568 1397 3641; x_wconf 68' lang='grc' dir='ltr'>Ιιὶῳαηᾷαεί</span> <span class='ocrx_word' id='word_1_210' title='bbox 1421 3571 1512 3639; x_wconf 73' lang='lat' dir='ltr'>partes</span> 
     </span>
     <span class='ocr_line' id='line_1_30' title="bbox 198 3658 1510 3743; baseline 0 -20"><span class='ocrx_word' id='word_1_211' title='bbox 198 3658 237 3687; x_wconf 72' lang='lat'>‘⁶¹²</span> <span class='ocrx_word' id='word_1_212' title='bbox 252 3664 345 3734; x_wconf 78' lang='lat' dir='ltr'>quedl</span> <span class='ocrx_word' id='word_1_213' title='bbox 363 3682 449 3736; x_wconf 66' lang='lat' dir='ltr'>pseu</span> <span class='ocrx_word' id='word_1_214' title='bbox 465 3668 559 3738; x_wconf 83' lang='lat' dir='ltr'>qscdc</span> <span class='ocrx_word' id='word_1_215' title='bbox 574 3670 718 3741; x_wconf 68' lang='lat' dir='ltr'>aquodm</span> <span class='ocrx_word' id='word_1_216' title='bbox 731 3665 1146 3743; x_wconf 65' lang='lat' dir='ltr'>qetqscdg—tttba&#39;dtera&#39;tl</span> <span class='ocrx_word' id='word_1_217' title='bbox 1162 3669 1300 3727; x_wconf 61' lang='lat' dir='ltr'>ndoentm</span> <span class='ocrx_word' id='word_1_218' title='bbox 1317 3669 1463 3738; x_wconf 71' lang='lat' dir='ltr'>aamtgc</span> <span class='ocrx_word' id='word_1_219' title='bbox 1477 3696 1510 3706; x_wconf 91' lang='lat'>-</span> 
     </span>
    </p>
   </div>
   <div class='ocr_carea' id='block_1_4' title="bbox 198 3736 1509 3864">
    <p class='ocr_par' dir='ltr' id='par_1_4' title="bbox 198 3736 1509 3864">
     <span class='ocr_line' id='line_1_31' title="bbox 198 3736 1509 3864; baseline 0.002 -17"><span class='ocrx_word' id='word_1_220' title='bbox 198 3736 403 3847; x_wconf 44' lang='lat' dir='ltr'>&#39;ittidibibudsl</span> <span class='ocrx_word' id='word_1_221' title='bbox 421 3791 532 3849; x_wconf 73' lang='lat' dir='ltr'>letibus</span> <span class='ocrx_word' id='word_1_222' title='bbox 544 3808 585 3863; x_wconf 82' lang='lat' dir='ltr'>gc</span> <span class='ocrx_word' id='word_1_223' title='bbox 605 3795 762 3851; x_wconf 82' lang='lat' dir='ltr'>aestibnsm</span> <span class='ocrx_word' id='word_1_224' title='bbox 780 3796 941 3853; x_wconf 75' lang='lat' dir='ltr'>adsidan</span> <span class='ocrx_word' id='word_1_225' title='bbox 963 3826 994 3835; x_wconf 90' lang='lat'>—-</span> <span class='ocrx_word' id='word_1_226' title='bbox 1014 3800 1065 3854; x_wconf 91' lang='grc'>797</span> <span class='ocrx_word' id='word_1_227' title='bbox 1085 3796 1188 3853; x_wconf 71' lang='grc' dir='ltr'><em>ηκᾶοο</em></span> <span class='ocrx_word' id='word_1_228' title='bbox 1207 3791 1354 3864; x_wconf 66' lang='lat' dir='ltr'>formarint</span> <span class='ocrx_word' id='word_1_229' title='bbox 1378 3792 1509 3849; x_wconf 81' lang='lat' dir='ltr'>meticrm</span> 
     </span>
    </p>
   </div>
   <div class='ocr_carea' id='block_1_5' title="bbox 121 3887 1511 4201">
    <p class='ocr_par' dir='ltr' id='par_1_5' title="bbox 121 3887 1511 4201">
     <span class='ocr_line' id='line_1_32' title="bbox 121 3887 1510 3979; baseline 0.001 -35"><span class='ocrx_word' id='word_1_230' title='bbox 121 3956 134 3979; x_wconf 41' lang='grc'>,</span> <span class='ocrx_word' id='word_1_231' title='bbox 197 3894 275 3943; x_wconf 76' lang='lat' dir='ltr'>actus</span> <span class='ocrx_word' id='word_1_232' title='bbox 285 3887 331 3943; x_wconf 91' lang='lat' dir='ltr'>lm</span> <span class='ocrx_word' id='word_1_233' title='bbox 347 3892 411 3944; x_wconf 78' lang='lat' dir='ltr'>scta</span> <span class='ocrx_word' id='word_1_234' title='bbox 422 3904 463 3957; x_wconf 72' lang='lat' dir='ltr'>ge</span> <span class='ocrx_word' id='word_1_235' title='bbox 475 3924 510 3933; x_wconf 79' lang='lat'><em>-</em></span> <span class='ocrx_word' id='word_1_236' title='bbox 523 3894 576 3949; x_wconf 86' lang='grc'>798</span> <span class='ocrx_word' id='word_1_237' title='bbox 588 3892 740 3964; x_wconf 72' lang='lat' dir='ltr'>Aegyptum</span> <span class='ocrx_word' id='word_1_238' title='bbox 752 3894 886 3965; x_wconf 75' lang='lat' dir='ltr'>elepidam</span> <span class='ocrx_word' id='word_1_239' title='bbox 899 3895 1035 3965; x_wconf 69' lang='lat' dir='ltr'>tyriisque</span> <span class='ocrx_word' id='word_1_240' title='bbox 1048 3894 1184 3951; x_wconf 80' lang='lat' dir='ltr'>receditis</span> <span class='ocrx_word' id='word_1_241' title='bbox 1202 3891 1472 3963; x_wconf 51' lang='lat' dir='ltr'>(Empta-ticinaque</span> <span class='ocrx_word' id='word_1_242' title='bbox 1482 3890 1510 3957; x_wconf 89' lang='lat' dir='ltr'>e)</span> 
     </span>
     <span class='ocr_line' id='line_1_33' title="bbox 199 3984 1511 4063; baseline -0.006 -13"><span class='ocrx_word' id='word_1_243' title='bbox 199 3988 351 4057; x_wconf 61' lang='lat' dir='ltr'>Ambus</span> <span class='ocrx_word' id='word_1_244' title='bbox 371 3984 412 4056; x_wconf 79' lang='grc' dir='ltr'>ΙΗΙΙ</span> <span class='ocrx_word' id='word_1_245' title='bbox 431 3988 546 4058; x_wconf 74' lang='lat' dir='ltr'>lepidam</span> <span class='ocrx_word' id='word_1_246' title='bbox 570 3994 588 4046; x_wconf 84' lang='lat' dir='ltr'>t.</span> <span class='ocrx_word' id='word_1_247' title='bbox 611 4009 636 4045; x_wconf 85' lang='lat' dir='ltr'>r.</span> <span class='ocrx_word' id='word_1_248' title='bbox 654 4006 674 4061; x_wconf 85' lang='lat' dir='ltr'>g</span> <span class='ocrx_word' id='word_1_249' title='bbox 708 3992 740 4046; x_wconf 87' lang='grc' dir='ltr'>Α.</span> <span class='ocrx_word' id='word_1_250' title='bbox 763 4010 789 4048; x_wconf 87' lang='lat' dir='ltr'>a.</span> <span class='ocrx_word' id='word_1_251' title='bbox 812 3992 927 4062; x_wconf 57' lang='lat' dir='ltr'>Mam</span> <span class='ocrx_word' id='word_1_252' title='bbox 950 3997 969 4048; x_wconf 85' lang='lat' dir='ltr'>t.</span> <span class='ocrx_word' id='word_1_253' title='bbox 986 4009 1010 4046; x_wconf 83' lang='lat' dir='ltr'>r.</span> <span class='ocrx_word' id='word_1_254' title='bbox 1028 4008 1057 4048; x_wconf 90' lang='lat' dir='ltr'>m</span> <span class='ocrx_word' id='word_1_255' title='bbox 1086 4022 1118 4031; x_wconf 94' lang='lat'>-</span> <span class='ocrx_word' id='word_1_256' title='bbox 1147 3994 1200 4051; x_wconf 90' lang='grc'>799</span> <span class='ocrx_word' id='word_1_257' title='bbox 1224 3992 1311 4063; x_wconf 67' lang='lat' dir='ltr'>cate</span> <span class='ocrx_word' id='word_1_258' title='bbox 1328 4005 1345 4046; x_wconf 92' lang='grc' dir='ltr'>ο</span> <span class='ocrx_word' id='word_1_259' title='bbox 1372 3988 1465 4044; x_wconf 81' lang='lat' dir='ltr'>uicina</span> <span class='ocrx_word' id='word_1_260' title='bbox 1486 3995 1511 4043; x_wconf 86' lang='lat' dir='ltr'>et</span> 
     </span>
     <span class='ocr_line' id='line_1_34' title="bbox 197 4084 1509 4201; baseline -0.009 -48"><span class='ocrx_word' id='word_1_261' title='bbox 197 4084 359 4153; x_wconf 61' lang='lat' dir='ltr'>WYWW</span> <span class='ocrx_word' id='word_1_262' title='bbox 373 4113 407 4123; x_wconf 87' lang='lat'>··</span> <span class='ocrx_word' id='word_1_263' title='bbox 419 4086 473 4142; x_wconf 69' lang='lat'>8⁰0</span> <span class='ocrx_word' id='word_1_264' title='bbox 491 4086 658 4201; x_wconf 41' lang='lat' dir='ltr'>tuffam}</span> <span class='ocrx_word' id='word_1_265' title='bbox 670 4088 755 4159; x_wconf 70' lang='lat' dir='ltr'>piscis</span> <span class='ocrx_word' id='word_1_266' title='bbox 772 4089 959 4160; x_wconf 71' lang='lat' dir='ltr'>umpnrlge</span> <span class='ocrx_word' id='word_1_267' title='bbox 977 4090 1192 4161; x_wconf 70' lang='lat' dir='ltr'>pbces&#39;nruptor</span> <span class='ocrx_word' id='word_1_268' title='bbox 1205 4106 1234 4145; x_wconf 89' lang='lat' dir='ltr'>m</span> <span class='ocrx_word' id='word_1_269' title='bbox 1247 4117 1282 4127; x_wconf 95' lang='lat'>—</span> <span class='ocrx_word' id='word_1_270' title='bbox 1299 4091 1350 4145; x_wconf 85' lang='grc'>801</span> <span class='ocrx_word' id='word_1_271' title='bbox 1366 4087 1470 4157; x_wconf 78' lang='lat' dir='ltr'>superii</span> <span class='ocrx_word' id='word_1_272' title='bbox 1481 4101 1509 4141; x_wconf 86' lang='lat' dir='ltr'>rn</span> 
     </span>
    </p>
   </div>
   <div class='ocr_carea' id='block_1_6' title="bbox 194 4210 1596 4783">
    <p class='ocr_par' dir='ltr' id='par_1_6' title="bbox 194 4210 1596 4783">
     <span class='ocr_line' id='line_1_35' title="bbox 199 4210 1510 4285; baseline 0.002 -20"><span class='ocrx_word' id='word_1_273' title='bbox 199 4211 278 4265; x_wconf 79' lang='lat' dir='ltr'>nanis</span> <span class='ocrx_word' id='word_1_274' title='bbox 296 4224 324 4265; x_wconf 88' lang='lat' dir='ltr'>m</span> <span class='ocrx_word' id='word_1_275' title='bbox 356 4239 386 4247; x_wconf 95' lang='lat'>—</span> <span class='ocrx_word' id='word_1_276' title='bbox 414 4212 469 4266; x_wconf 83' lang='grc'>809</span> <span class='ocrx_word' id='word_1_277' title='bbox 490 4210 590 4268; x_wconf 82' lang='lat' dir='ltr'>Pcrtti</span> <span class='ocrx_word' id='word_1_278' title='bbox 612 4214 660 4269; x_wconf 79' lang='lat' dir='ltr'>sat</span> <span class='ocrx_word' id='word_1_279' title='bbox 674 4214 809 4283; x_wconf 75' lang='lat' dir='ltr'>parunt</span> <span class='ocrx_word' id='word_1_280' title='bbox 831 4215 928 4285; x_wconf 77' lang='lat' dir='ltr'>partiti</span> <span class='ocrx_word' id='word_1_281' title='bbox 949 4216 994 4271; x_wconf 76' lang='lat' dir='ltr'>sed</span> <span class='ocrx_word' id='word_1_282' title='bbox 1009 4216 1116 4285; x_wconf 78' lang='lat' dir='ltr'>parnis</span> <span class='ocrx_word' id='word_1_283' title='bbox 1132 4230 1173 4285; x_wconf 76' lang='lat' dir='ltr'>gc</span> <span class='ocrx_word' id='word_1_284' title='bbox 1196 4213 1306 4284; x_wconf 75' lang='lat' dir='ltr'>parthis</span> <span class='ocrx_word' id='word_1_285' title='bbox 1327 4217 1354 4269; x_wconf 84' lang='lat' dir='ltr'>st</span> <span class='ocrx_word' id='word_1_286' title='bbox 1372 4229 1400 4283; x_wconf 80' lang='lat' dir='ltr'>p.</span> <span class='ocrx_word' id='word_1_287' title='bbox 1419 4228 1448 4269; x_wconf 92' lang='lat' dir='ltr'>m</span> <span class='ocrx_word' id='word_1_288' title='bbox 1478 4245 1510 4255; x_wconf 87' lang='lat'>-</span> 
     </span>
     <span class='ocr_line' id='line_1_36' title="bbox 199 4289 1510 4388; baseline 0 -23"><span class='ocrx_word' id='word_1_289' title='bbox 199 4310 255 4365; x_wconf 77' lang='lat' dir='ltr'>scr</span> <span class='ocrx_word' id='word_1_290' title='bbox 272 4289 447 4377; x_wconf 55' lang='lat' dir='ltr'>menstrua</span> <span class='ocrx_word' id='word_1_291' title='bbox 463 4309 592 4366; x_wconf 61' lang='lat' dir='ltr'>aaran</span> <span class='ocrx_word' id='word_1_292' title='bbox 608 4312 725 4369; x_wconf 70' lang='lat' dir='ltr'>mnam</span> <span class='ocrx_word' id='word_1_293' title='bbox 741 4320 767 4369; x_wconf 80' lang='lat' dir='ltr'>a</span> <span class='ocrx_word' id='word_1_294' title='bbox 783 4306 989 4387; x_wconf 53' lang='lat' dir='ltr'>abranam</span> <span class='ocrx_word' id='word_1_295' title='bbox 1006 4314 1133 4383; x_wconf 60' lang='lat' dir='ltr'>aaran.</span> <span class='ocrx_word' id='word_1_296' title='bbox 1152 4312 1263 4388; x_wconf 62' lang='lat' dir='ltr'>parma</span> <span class='ocrx_word' id='word_1_297' title='bbox 1285 4312 1405 4369; x_wconf 68' lang='lat' dir='ltr'>aenae</span> <span class='ocrx_word' id='word_1_298' title='bbox 1421 4314 1449 4367; x_wconf 77' lang='lat' dir='ltr'>a</span> <span class='ocrx_word' id='word_1_299' title='bbox 1463 4311 1510 4365; x_wconf 64' lang='lat' dir='ltr'>aa</span> 
     </span>
     <span class='ocr_line' id='line_1_37' title="bbox 194 4405 1508 4483; baseline -0.005 -14"><span class='ocrx_word' id='word_1_300' title='bbox 194 4406 307 4475; x_wconf 65' lang='lat' dir='ltr'>Pirum-</span> <span class='ocrx_word' id='word_1_301' title='bbox 327 4420 347 4475; x_wconf 75' lang='lat'><em>8</em></span> <span class='ocrx_word' id='word_1_302' title='bbox 368 4405 496 4475; x_wconf 52' lang='lat' dir='ltr'>Bendas·</span> <span class='ocrx_word' id='word_1_303' title='bbox 515 4408 627 4465; x_wconf 58' lang='lat' dir='ltr'>attona</span> <span class='ocrx_word' id='word_1_304' title='bbox 647 4410 765 4467; x_wconf 68' lang='lat' dir='ltr'>menon</span> <span class='ocrx_word' id='word_1_305' title='bbox 786 4418 812 4468; x_wconf 81' lang='lat' dir='ltr'>et</span> <span class='ocrx_word' id='word_1_306' title='bbox 833 4414 905 4469; x_wconf 82' lang='lat' dir='ltr'>Susa</span> <span class='ocrx_word' id='word_1_307' title='bbox 918 4428 1085 4483; x_wconf 78' lang='lat' dir='ltr'>panosquac</span> <span class='ocrx_word' id='word_1_308' title='bbox 1113 4410 1266 4481; x_wconf 81' lang='lat' dir='ltr'>Bactraque</span> <span class='ocrx_word' id='word_1_309' title='bbox 1286 4416 1312 4465; x_wconf 84' lang='lat' dir='ltr'>et</span> <span class='ocrx_word' id='word_1_310' title='bbox 1331 4408 1448 4465; x_wconf 66' lang='lat' dir='ltr'>aramis</span> <span class='ocrx_word' id='word_1_311' title='bbox 1467 4407 1508 4474; x_wconf 73' lang='lat' dir='ltr'>(t)</span> 
     </span>
     <span class='ocr_line' id='line_1_38' title="bbox 199 4496 1596 4579; baseline -0.008 -7"><span class='ocrx_word' id='word_1_312' title='bbox 199 4503 317 4559; x_wconf 58' lang='lat' dir='ltr'>&amp;W</span> <span class='ocrx_word' id='word_1_313' title='bbox 334 4502 380 4571; x_wconf 74' lang='grc' dir='ltr'>(Ε)</span> <span class='ocrx_word' id='word_1_314' title='bbox 399 4502 539 4575; x_wconf 69' lang='lat' dir='ltr'>Babylone</span> <span class='ocrx_word' id='word_1_315' title='bbox 555 4509 582 4561; x_wconf 84' lang='lat' dir='ltr'>et</span> <span class='ocrx_word' id='word_1_316' title='bbox 599 4508 670 4563; x_wconf 69' lang='lat' dir='ltr'>Sesea</span> <span class='ocrx_word' id='word_1_317' title='bbox 687 4509 812 4579; x_wconf 80' lang='lat' dir='ltr'>apimcaq.</span> <span class='ocrx_word' id='word_1_318' title='bbox 827 4525 855 4567; x_wconf 92' lang='lat' dir='ltr'>m</span> <span class='ocrx_word' id='word_1_319' title='bbox 876 4540 909 4548; x_wconf 95' lang='lat'>-</span> <span class='ocrx_word' id='word_1_320' title='bbox 928 4512 981 4568; x_wconf 79' lang='lat'>806</span> <span class='ocrx_word' id='word_1_321' title='bbox 999 4510 1162 4566; x_wconf 78' lang='lat' dir='ltr'>innumerus</span> <span class='ocrx_word' id='word_1_322' title='bbox 1174 4523 1204 4563; x_wconf 90' lang='lat' dir='ltr'>m</span> <span class='ocrx_word' id='word_1_323' title='bbox 1226 4496 1437 4577; x_wconf 68' lang='lat' dir='ltr'>amplectbadcl</span> <span class='ocrx_word' id='word_1_324' title='bbox 1455 4521 1511 4559; x_wconf 85' lang='lat' dir='ltr'>am-</span> <span class='ocrx_word' id='word_1_325' title='bbox 1593 4556 1596 4561; x_wconf 92' lang='lat'>.</span> 
     </span>
     <span class='ocr_line' id='line_1_39' title="bbox 199 4600 1511 4676; baseline -0.012 -2"><span class='ocrx_word' id='word_1_326' title='bbox 199 4600 390 4673; x_wconf 59' lang='lat' dir='ltr'>remae</span> <span class='ocrx_word' id='word_1_327' title='bbox 412 4602 637 4672; x_wconf 63' lang='lat' dir='ltr'>ancarana</span> <span class='ocrx_word' id='word_1_328' title='bbox 656 4606 701 4676; x_wconf 82' lang='lat' dir='ltr'>(n)</span> <span class='ocrx_word' id='word_1_329' title='bbox 721 4638 754 4647; x_wconf 90' lang='lat'><em>-</em></span> <span class='ocrx_word' id='word_1_330' title='bbox 773 4610 827 4665; x_wconf 88' lang='lat' dir='ltr'>sce</span> <span class='ocrx_word' id='word_1_331' title='bbox 844 4608 984 4667; x_wconf 72' lang='lat' dir='ltr'>isaram</span> <span class='ocrx_word' id='word_1_332' title='bbox 1010 4636 1042 4647; x_wconf 86' lang='lat'>-</span> <span class='ocrx_word' id='word_1_333' title='bbox 1066 4608 1119 4664; x_wconf 83' lang='lat' dir='ltr'>ere</span> <span class='ocrx_word' id='word_1_334' title='bbox 1137 4606 1220 4661; x_wconf 73' lang='lat' dir='ltr'>nam</span> <span class='ocrx_word' id='word_1_335' title='bbox 1238 4604 1370 4661; x_wconf 64' lang='lat' dir='ltr'>aream</span> <span class='ocrx_word' id='word_1_336' title='bbox 1393 4618 1511 4673; x_wconf 60' lang='lat' dir='ltr'>amm</span> 
     </span>
     <span class='ocr_line' id='line_1_40' title="bbox 200 4699 752 4783; baseline 0.013 -27"><span class='ocrx_word' id='word_1_337' title='bbox 200 4712 265 4777; x_wconf 59' lang='lat' dir='ltr'>ing</span> <span class='ocrx_word' id='word_1_338' title='bbox 282 4730 399 4783; x_wconf 53' lang='lat' dir='ltr'>mque</span> <span class='ocrx_word' id='word_1_339' title='bbox 416 4699 471 4754; x_wconf 67' lang='lat' dir='ltr'>star</span> <span class='ocrx_word' id='word_1_340' title='bbox 489 4700 520 4757; x_wconf 80' lang='lat' dir='ltr'>ia</span> <span class='ocrx_word' id='word_1_341' title='bbox 532 4702 564 4758; x_wconf 89' lang='lat' dir='ltr'>lc</span> <span class='ocrx_word' id='word_1_342' title='bbox 581 4704 703 4774; x_wconf 78' lang='lat' dir='ltr'>adfectus</span> <span class='ocrx_word' id='word_1_343' title='bbox 715 4722 752 4762; x_wconf 82' lang='lat' dir='ltr'>ur.</span> 
     </span>
    </p>
   </div>
   <div class='ocr_carea' id='block_1_7' title="bbox 0 0 1834 5259">
    <p class='ocr_par' dir='ltr' id='par_1_7' title="bbox 0 0 1834 5259">
     <span class='ocr_line' id='line_1_41' title="bbox 0 0 1834 5259; baseline 0 0"><span class='ocrx_word' id='word_1_344' title='bbox 0 0 1834 5259; x_wconf 95' lang='lat' dir='ltr'> </span> 
     </span>
    </p>
   </div>
  </div>
 </body>
</html>
