3642 5259
683 344 836 441 coeris.
873 386 1024 442 ιιι-ιιι.

353 603 499 668 edomuit
520 609 640 667 terrum
664 602 706 666 ud
728 598 851 686 fruges,
876 602 1030 667 euimelie
1053 603 1138 688 cepit

299 710 571 797 eoeimposuitque
594 710 682 775 uium
704 715 815 796 ponto,
839 711 928 776 stetit
952 732 1034 775 unus
1057 710 1091 775 in
1115 732 1223 777 urcem

353 824 480 883 erectus
502 818 617 903 cepitis
640 817 809 903 uictorque
831 818 874 883 ad
896 818 1004 883 sideru
1028 819 1125 884 mittit

353 925 496 991 sidereos
518 926 629 990 oculos
651 918 849 1012 propiusque
872 926 1040 1011 adspectat
1062 926 1237 1013 Olympum

352 1032 554 1119 iuquit-itque
577 1032 705 1113 Iouem3
729 1053 788 1098 nec
812 1033 882 1099 sole
904 1032 1011 1099 fronte
1035 1033 1168 1099 deorum

354 1145 524 1206 contentus
546 1146 710 1206 monetet
733 1140 859 1205 caelum
882 1146 1045 1207 scrutatur
1066 1141 1099 1205 iu
1123 1141 1198 1207 aluo

298 1269 340 1315 ero
354 1254 591 1334 cognatumque
614 1268 753 1333 sequeus
777 1269 893 1334 corpus
917 1270 952 1314 se
974 1250 1101 1336 quaerit
1124 1250 1156 1313 in
1179 1250 1285 1314 ostris.

353 1354 429 1420 huic
451 1357 485 1421 iu
509 1362 600 1421 tento
621 1356 719 1421 fidem
742 1358 893 1441 petimus,
918 1378 1016 1443 quem
1040 1378 1137 1443 saepe
1160 1358 1310 1424 uolucres

354 1462 517 1549 accipiunt
539 1463 749 1549 trepidaeque
772 1485 830 1529 suo
854 1464 915 1530 sub
938 1470 1069 1550 pectore
1091 1465 1203 1531 fibrae.

354 1591 396 1636 en
420 1572 526 1636 minus
549 1578 598 1637 est
620 1572 721 1645 sacris
744 1571 903 1637 rationem
927 1573 1045 1637 ducere
1069 1573 1179 1659 siguis,

353 1700 451 1763 quum
474 1679 636 1765 pecudum
659 1685 779 1745 mortes
803 1681 978 1766 uuiumque
1002 1681 1169 1746 attendere
1192 1678 1324 1745 cantus?

300 1808 340 1853 ere
354 1791 451 1872 atque
474 1787 555 1853 edeo
578 1787 696 1852 taciem
720 1788 802 1853 caeli
824 1809 889 1853 non
913 1788 1038 1853 inuidet
1060 1788 1130 1853 orbi

352 1894 422 1979 ipse
445 1895 525 1961 deus
548 1895 722 1982 uultusque
744 1916 820 1961 euos
844 1915 1025 1982 corpusque
1047 1895 1185 1961 recludit

354 2022 481 2088 semper
505 2002 666 2068 uoluendo
689 2024 789 2088 seque
812 2003 919 2093 ipsum
942 2003 1084 2069 inculcet
1106 2009 1138 2067 et
1161 2003 1265 2085 offert,

354 2116 388 2174 ut
411 2112 494 2175 bene
517 2111 668 2194 cognosci
690 2110 792 2196 possit
814 2112 994 2197 doceatque
1018 2110 1168 2193 uidentis,

354 2216 460 2303 qualis
484 2224 546 2299 eut,
571 2224 731 2305 cogetque
753 2240 829 2283 sues
852 2218 1020 2285 attendere
1043 2220 1142 2304 leges.

298 2346 340 2393 eso
353 2326 423 2411 ipse
447 2332 542 2391 uocut
564 2334 690 2392 nostros
714 2327 840 2391 animos
863 2326 904 2391 cd
929 2326 1036 2391 sideru
1058 2326 1198 2391 mundus

354 2454 414 2498 nec
438 2433 569 2521 patitur,
592 2435 669 2520 quic
692 2455 757 2499 non
781 2414 899 2515 condit,
924 2454 983 2499 suu
1006 2435 1078 2500 iuru
1100 2434 1211 2499 lutere.

353 2542 426 2625 quis
449 2548 541 2628 putet
562 2562 634 2607 esse
656 2540 750 2606 nefas
772 2542 874 2623 nosci,
898 2541 985 2626 quod
1009 2562 1142 2607 eernere
1165 2540 1214 2605 ias
1238 2540 1307 2605 est?

354 2670 414 2713 nec
437 2656 607 2715 contemne
630 2655 703 2715 tuce
727 2650 820 2735 quusi
842 2670 945 2735 paruo
969 2650 1003 2714 iu
1027 2670 1162 2734 corpore
1186 2648 1287 2730 uircs3

354 2758 440 2843 quud
464 2758 562 2839 ualet,
585 2759 769 2823 inmensum
793 2763 850 2823 est.
898 2757 945 2822 sio
969 2758 1039 2822 auri
1062 2757 1206 2843 pondera
1230 2757 1324 2843 parui

300 2886 340 2930 ese
354 2870 551 2950 exsuperent
571 2865 675 2950 pretio
699 2886 889 2929 numerosos
912 2864 997 2930 ueris
1020 2884 1166 2929 aceruos.

354 2970 399 3037 sio
423 2972 567 3055 adamas,
590 2976 746 3057 punctum
769 2970 896 3058 lepidis,
920 2970 1091 3058 pretiosior
1114 2992 1194 3036 euro
1217 2977 1274 3036 est.

353 3080 491 3164 paruula
514 3080 561 3146 sic
584 3086 687 3145 totum
711 3079 846 3167 peruicit
869 3080 991 3166 pupule
1015 3080 1151 3160 coelum,

354 3208 484 3273 quoque
506 3187 620 3253 uident
642 3188 737 3269 oculi,
761 3188 932 3253 minimum
956 3192 1014 3269 cst,
1040 3208 1113 3253 cum
1137 3188 1280 3253 maximo
1304 3188 1446 3251 cernent.

353 3295 399 3359 sic
423 3296 523 3361 enimi
546 3296 639 3362 sedes
663 3297 752 3361 tensd
776 3296 836 3361 sub
860 3294 957 3360 corde
980 3295 1087 3360 locutu

300 3426 341 3470 seo
353 3424 413 3489 per
435 3410 538 3469 totum
562 3409 699 3489 angusto
723 3409 838 3487 regnet
860 3403 902 3467 de
924 3401 1027 3467 limite
1051 3423 1177 3489 eorpus.

353 3511 509 3576 muteriue
532 3532 574 3577 ne
597 3532 718 3597 qucere
740 3512 883 3593 modum,
907 3510 965 3575 sed
989 3510 1136 3597 perspice
1159 3510 1256 3592 uires,

300 3795 547 3867 wcuoouugm
566 3796 653 3853 etdl
670 3796 878 3866 odfnpoelgc
896 3787 934 3853 o⁰d
946 3794 1141 3867 m<corr.m,)
1157 3824 1190 3834 -
1203 3798 1256 3854 905
1268 3793 1464 3865 aroelgmru)
1478 3825 1507 3833 —

192 3895 248 3949 906
266 3893 420 3963 creptmlc
437 3879 604 3965 moturpm
622 3895 752 3965 cupitisg
769 3893 889 3964 captiuo
910 3926 943 3935 -
963 3896 1015 3952 907
1034 3894 1156 3965 cpdcrcoe
1173 3894 1290 3964 oculum
1312 3893 1510 3963 ridococqucu

186 3991 404 4060 prooemio
427 3997 575 4061 moeucg
606 4023 636 4031 -
664 3995 718 4049 ero
739 3971 930 4062 oqottlrdl
952 3995 1028 4048 erm
1052 3992 1144 4062 ocgo
1172 4025 1206 4035 -
1234 3994 1288 4049 914
1304 3990 1508 4047 ueroeam

190 4088 321 4145 motism
350 4119 383 4128 -
411 4092 465 4147 916
488 4090 622 4147 reducito
652 4119 684 4128 -
713 4093 765 4148 917
789 4092 921 4147 educodo
938 4106 1083 4162 scmpcrm
1112 4124 1145 4133 —
1174 4093 1227 4147 918
1244 4070 1356 4159 poodtl
1380 4097 1510 4159 porsctm

188 4187 333 4257 pooirgc
358 4187 498 4259 (horasque
516 4189 674 4245 uidendico
702 4218 734 4227 -
763 4192 816 4246 919
834 4192 879 4244 ear
896 4204 923 4245 m
954 4193 1052 4245 croto)
1079 4190 1242 4259 «potorum
1261 4188 1305 4254 (b)
1333 4188 1471 4257 moue
1488 4203 1510 4239 u)

189 4285 399 4343 aussoreno
427 4316 459 4325 -
488 4289 540 4345 920
558 4288 816 4343 ooctrocaoimoco
845 4320 878 4329 -
906 4288 1091 4355 eucpuuto
1119 4285 1223 4341 oaxtl
1251 4320 1284 4327 —
1313 4288 1366 4343 923
1388 4285 1509 4355 occlgc

191 4384 238 4452 (iu
260 4399 288 4437 m
317 4399 389 4441 corr.
416 4386 446 4441 iu
472 4404 505 4442 nc
533 4385 563 4453 L)
594 4388 753 4455 contempne
773 4385 819 4441 lm
848 4414 882 4422 —
910 4387 964 4442 924
996 4402 1047 4455 quo
1068 4400 1097 4439 ιιι
1130 4383 1200 4453 quod
1220 4400 1242 4436 c
1265 4376 1384 4452 ponderi
1406 4381 1451 4439 lm
1476 4412 1509 4421 -·

190 4484 247 4539 926
275 4491 458 4551 mpoooto
487 4518 520 4530 --
549 4485 601 4540 926
620 4483 773 4552 mosomi
795 4484 991 4553 adcomgm
1017 4480 1158 4543 eumue
1187 4512 1219 4523 ·-
1249 4482 1303 4537 928
1324 4481 1447 4551 qoodpo
1479 4510 1510 4519 ·-

188 4582 248 4639 929
266 4581 346 4635 colcos
363 4598 399 4640 ιιι,
