3642 5259
790 362 875 419 Liber
894 362 927 419 ll.
965 365 1114 419 335-353,

404 604 444 646 ars
459 601 575 645 cancer
598 586 630 645 et
653 582 754 645 effuso
777 580 956 665 gaudentes
980 602 1121 666 aequore
1143 581 1257 667 pisces.

459 696 533 753 sunt
556 709 639 773 quae
661 695 792 753 terrena
815 694 987 753 censentur
1010 688 1116 753 sidera
1138 694 1233 768 sorte,

458 796 608 881 princeps
631 796 766 860 armenti
792 803 902 860 taurus
926 816 1091 882 regnoque
1114 796 1274 881 superbus

456 903 592 987 lanigeri
615 904 723 987 gregis
746 910 795 967 est
818 904 901 967 aries
925 904 1089 988 pestisque
1112 903 1249 968 duorum

336 1068 339 1075 .
459 1011 694 1095 praedatorque
717 1011 768 1075 leo
792 1015 824 1076 et
847 1012 991 1076 dumosis
1015 1012 1160 1095 scorpius
1183 1012 1280 1075 aruis.

406 1141 447 1185 aso
460 1124 535 1181 sunt
557 1118 654 1182 etiarn
678 1118 804 1183 mediae
827 1119 908 1203 legis
933 1118 1118 1183 communia
1141 1118 1244 1201 signa,

460 1225 631 1310 ambiguus
654 1231 760 1289 terrae
784 1226 1001 1311 capricornus,
1026 1225 1178 1311 aquarius
1203 1226 1307 1308 undis,

456 1350 602 1413 parsque
625 1322 754 1445 mariaj
778 1330 887 1396 niteas
910 1330 1085 1413 fundentis
1108 1351 1237 1413 semper
1261 1329 1399 1413 equora·

461 1440 571 1504 umida
594 1441 730 1505 terrenis
754 1442 881 1526 aequali
904 1440 1037 1506 loedere
1061 1442 1170 1505 mixta.

514 1568 578 1612 non
602 1548 719 1613 licata
742 1549 884 1614 minimis
908 1550 1052 1613 animum
1076 1548 1247 1613 deflectere
1271 1549 1366 1629 curis,

408 1676 447 1718 ree
463 1676 521 1719 nec
545 1657 716 1741 quicquam
740 1658 874 1722 rationis
898 1663 972 1741 eget
994 1654 1157 1721 frustrane
1180 1663 1333 1721 creatum.

462 1760 636 1828 secundum
660 1770 709 1829 est
731 1765 861 1852 proprie
885 1764 994 1829 cancri
1017 1784 1120 1849 genus
1144 1784 1219 1828 acer
1241 1772 1274 1828 et
1296 1765 1362 1827 ictu

463 1870 604 1957 scorpios
628 1878 661 1935 et
683 1879 778 1958 partu
801 1872 1001 1957 complentes
1024 1891 1166 1955 aequora
1188 1870 1303 1956 pisces.

464 1977 520 2041 sed
543 1979 659 2043 sterilis
684 1980 776 2065 uirgo
801 1985 850 2045 est
872 1978 969 2044 simili
993 1979 1165 2044 coniuncta
1187 1978 1289 2058 leoni;

463 2105 523 2149 nec
546 2086 641 2172 capit,
665 2094 722 2152 ant
744 2093 855 2174 captos
878 2086 1015 2151 effundit
1037 2088 1189 2172 aquarius
1212 2092 1311 2153 ortus.

410 2214 450 2257 alo
463 2193 547 2257 inter
570 2199 742 2280 utrumque
766 2201 875 2259 manet
898 2194 1106 2280 capricornus
1130 2214 1264 2280 corpore
1286 2194 1396 2277 mixto,

464 2305 496 2364 et
518 2301 573 2386 qui
596 2300 733 2367 Cretaeo
757 2301 860 2388 fulget
883 2308 1055 2367 centaurus
1079 2302 1112 2365 iu
1135 2322 1224 2382 arcu,

464 2410 708 2494 communisque
732 2411 814 2474 aries
838 2415 1032 2495 aequantem
1055 2415 1201 2496 tempore
1224 2410 1341 2475 libram

464 2520 498 2579 et
519 2517 665 2600 geminos
689 2523 882 2603 taurumque
905 2519 977 2603 pari
999 2517 1060 2582 sub
1082 2524 1168 2581 sorte
1190 2523 1347 2582 recenset.

518 2643 578 2688 nec
602 2631 635 2688 tu
659 2626 749 2691 nulla
771 2632 864 2713 putes
888 2626 922 2691 iu
945 2648 984 2690 eo
1008 2631 1191 2690 commenta
1213 2625 1338 2689 locasse

412 2752 452 2793 245
465 2736 615 2796 natrnam
639 2754 757 2815 rerum,
782 2734 868 2819 quod
892 2739 968 2799 sunt
990 2732 1154 2798 currentia
1176 2733 1345 2818 quaedam,

465 2842 501 2901 ut
522 2839 574 2904 leo
598 2846 631 2905 et
653 2841 835 2909 arcitenens
858 2842 1007 2926 ariesque
1030 2841 1063 2904 in
1087 2859 1209 2905 cornua
1232 2845 1343 2905 tortus

463 2952 518 3010 aut
541 2968 624 3032 quae
647 2955 736 3013 recta
759 2948 824 3013 suis
847 2947 1012 3013 librantur
1034 2948 1153 3012 stantia
1175 2948 1339 3027 membris,

467 3059 503 3117 ut
525 3055 617 3141 uirgo
642 3062 674 3120 et
696 3056 818 3140 gemini
841 3056 981 3120 fundens
1004 3061 1036 3119 et
1058 3055 1211 3140 aquarius
1234 3055 1348 3120 undas.

468 3162 520 3225 uel
543 3183 627 3247 quae
650 3163 736 3227 fessa
759 3163 873 3229 sedent
894 3163 1004 3248 pigras
1027 3163 1202 3227 referentia
1225 3167 1359 3243 mentes,

414 3274 579 3335 centaurus
603 3270 756 3356 depositis
779 3271 862 3336 collo
886 3270 1008 3357 sopitus
1032 3270 1158 3352 aratris,

466 3378 549 3443 libra
572 3378 631 3442 sub
656 3380 789 3444 emerito
813 3380 983 3445 considens
1005 3378 1083 3443 orbe
1106 3378 1265 3457 laborum,

469 3491 568 3570 tuque
590 3492 657 3569 tuo,
681 3486 878 3573 capricorno,
904 3485 979 3572 gelu
1003 3492 1186 3551 contractus
1209 3486 1242 3551 in
1266 3485 1370 3550 astru

417 3800 469 3855 335
489 3798 687 3870 gemmea
709 3815 909 3870 wpaono—
930 3802 981 3855 336
1008 3799 1128 3856 Vto—
1152 3795 1621 3868 arspoetuwlgcpoacwm

309 3897 477 3954 diceneum
496 3924 531 3936 -
550 3898 602 3952 339
620 3898 659 3953 leo
676 3897 823 3954 dumosae
841 3900 989 3966 meso
1009 3925 1041 3935 -
1062 3897 1112 3951 331
1132 3894 1290 3965 omtigtsel
1306 3892 1539 3963 amaseam)
1561 3910 1619 3948 am-

310 3995 397 4067 ttqtrcs
412 4009 442 4050 m
465 3994 511 4062 (L)
537 4024 570 4035 —
597 3997 649 4051 333
672 3996 792 4065 Parsque
814 3995 924 4051 mortno
942 4011 958 4051 o
986 3998 1059 4051 teme
1076 4010 1106 4050 m
1128 3993 1173 4061 (L)
1201 4001 1288 4049 mors
1305 4008 1335 4049 m
1356 3991 1402 4059 (ll)
1430 3992 1528 4061 aquari
1545 4006 1622 4060 gem

311 4092 447 4163 arturitl
472 4122 504 4131 -
533 4094 585 4149 333
609 4097 689 4163 atque
712 4094 786 4149 tuto
815 4093 981 4163 deperoerem
1005 4092 1133 4163 depereo
1157 4120 1189 4129 -
1215 4092 1284 4146 aute
1307 4089 1360 4144 334
1387 4089 1623 4170 Qapfpcsmdog

312 4208 380 4262 quac
400 4190 521 4260 scamus
536 4192 686 4247 mecam
704 4206 731 4246 m
760 4190 813 4247 334
828 4190 932 4247 macte
950 4206 979 4246 m
1001 4189 1043 4255 (in
1059 4204 1150 4259 marg.
1167 4190 1254 4254 corr.)
1272 4218 1305 4227 -
1326 4190 1378 4243 335
1393 4188 1536 4256 wopam
1551 4186 1624 4255 lgm

310 4283 771 4359 fmua⁰⁰g-aaopropesae-
786 4288 837 4344 331
856 4288 997 4356 Scorpitrl
1014 4288 1192 4356 scorpiosgm
1207 4286 1355 4355 scorpiuro
1371 4314 1410 4332 .-—
1434 4286 1486 4341 333
1503 4284 1624 4354 amuel

257 4410 261 4417 ·
312 4387 449 4444 emnem
467 4389 551 4445 simili
563 4404 604 4458 gc
624 4418 656 4427 -
677 4390 728 4442 339
746 4384 922 4456 cflllfunditl
942 4389 969 4440 et
983 4384 1119 4454 [Mirm
1137 4384 1256 4455 effmrdtt
1271 4398 1312 4452 gc
1332 4412 1364 4422 -
1384 4385 1437 4439 340
1454 4377 1569 4439 mtcttl
1588 4410 1622 4420 -

314 4487 362 4543 341
385 4489 511 4542 cretatae
531 4486 699 4555 crctcolgm
718 4515 751 4524 -
771 4484 822 4539 343
843 4488 1004 4552 temporam
1027 4490 1176 4552 macres»
1200 4511 1233 4520 —
1258 4482 1311 4537 343
1335 4484 1447 4535 tam
1461 4480 1570 4549 parim
1588 4513 1625 4521 -

314 4586 383 4641 ante
396 4583 448 4640 344
466 4586 522 4656 Qec
538 4584 680 4640 cerream
696 4590 745 4638 cot
764 4585 869 4650 rectcg
887 4580 1038 4661 qrsgsmc.
1055 4596 1085 4636 m
1104 4583 1157 4635 344
1173 4595 1308 4635 eccam
1326 4608 1359 4617 -
1377 4582 1429 4633 341
1448 4577 1626 4635 lttrestrlc

313 4684 449 4741 librante
463 4699 515 4753 gm
539 4681 702 4750 rmatmlg
718 4710 752 4718 -
771 4682 839 4735 ante
853 4682 904 4733 349
922 4696 972 4748 que
988 4678 1362 4745 mastrucarum
1385 4678 1436 4733 349
1455 4673 1508 4745 ldl
1524 4674 1625 4745 quael.
