3642 5259
697 364 784 423 Liber
801 365 850 423 IV.
886 369 1002 423 46-74.

354 584 441 670 quod
464 585 578 650 consul
600 586 718 650 totiens
741 586 825 667 exul,
850 586 937 669 quod
961 585 1001 649 de
1025 585 1119 649 exule
1143 584 1254 649 consul

354 692 496 757 adiacuit
518 692 648 778 Libyeis
672 714 806 778 compar
827 694 953 758 iactura
975 692 1077 757 ruinis

355 820 438 884 eque
461 800 680 887 crepidinibus
703 800 789 887 cepit
812 800 1020 887 Carthaginis
1043 800 1168 878 urbem,

354 907 416 972 hoc
438 908 591 973 uisitata
614 909 739 989 darent,
763 930 942 994 numquam
964 909 1096 973 fortuna
1118 907 1254 973 tulisset,

313 1015 428 1099 ecquis
451 1022 483 1079 te
506 1014 631 1081 Niliaco
654 1017 835 1102 periturum
857 1016 962 1099 litore,
986 1015 1115 1101 Magne,

353 1128 427 1208 post
448 1123 552 1188 uictas
574 1122 769 1189 Mithridatis
792 1145 871 1210 opes
893 1125 1095 1210 pelagusque
1118 1132 1284 1211 receptum

353 1234 387 1294 et
408 1229 466 1295 tris
489 1252 620 1296 emenso
643 1232 776 1297 meritos
799 1252 839 1297 ex
861 1231 941 1297 orbe
965 1231 1157 1325 triumphos,

355 1360 429 1403 cum
452 1338 519 1403 iam
542 1340 640 1404 etiam
663 1361 774 1426 posses
797 1340 898 1428 atium
923 1360 1114 1419 componere
1137 1338 1302 1424 Magnum,

354 1447 510 1527 crederet,
535 1454 571 1513 ut
593 1470 711 1534 corpus
733 1449 886 1534 sepeliret
907 1448 1086 1533 naufragus
1109 1448 1204 1533 ignis,

313 1575 341 1619 aa
354 1553 541 1640 eiectaeque
564 1577 680 1641 rogum
703 1556 850 1621 facerent
871 1556 1057 1641 fragmenta
1080 1553 1231 1619 carinae?

355 1662 428 1745 quis
452 1667 578 1728 tantum
601 1671 727 1729 mutare
750 1670 856 1750 potest
878 1663 948 1728 sine
972 1664 1104 1728 numine
1128 1660 1209 1727 rati?

355 1768 409 1832 ille
432 1771 531 1836 etiam
555 1772 645 1836 caelo
668 1772 797 1856 genitus
820 1772 976 1855 caeloque
1000 1776 1159 1855 receptus,

356 1898 429 1942 cum
452 1878 536 1944 bene
558 1880 745 1965 compositis
767 1878 872 1945 uictor
896 1878 1045 1947 ciuilibus
1070 1878 1168 1943 armis

355 1986 427 2051 iura
450 1993 545 2073 togae
567 1993 704 2071 regeret,
728 1990 846 2053 totiens
868 1988 1036 2074 praedicte
1058 2007 1175 2051 cauere

313 2115 341 2160 eo
356 2094 492 2160 uulnera
515 2117 581 2161 non
604 2097 709 2182 potuit
732 2103 799 2163 toto
823 2102 989 2183 spectante
1012 2100 1127 2160 senatu

355 2199 512 2268 iudicium
534 2202 649 2269 dextra
670 2205 813 2269 retinens
836 2224 1022 2287 nomenque
1046 2223 1160 2268 cruore

356 2307 477 2374 deleuit
498 2312 639 2398 proprio,
663 2319 795 2398 possent
817 2318 854 2376 ut
876 2310 1008 2376 uincere
1031 2310 1108 2375 fatu.

355 2416 434 2499 quid
457 2438 626 2483 numerem
650 2440 781 2484 euersas
805 2418 903 2483 urbes
925 2438 1104 2503 regumque
1129 2417 1239 2481 ruinas

355 2524 454 2609 inque
477 2546 557 2611 rogo
581 2525 738 2591 Croesum
762 2526 995 2611 Priamumque
1012 2526 1044 2589 iu
1069 2525 1161 2589 litore
1186 2530 1346 2601 truncum,

314 2652 342 2695 as
356 2632 406 2694 cui
431 2654 491 2698 nec
515 2632 614 2699 Troia
636 2633 755 2719 rogus?
802 2635 880 2718 quid
903 2634 1048 2699 Xerxem
1073 2632 1177 2697 maius
1202 2631 1326 2713 etipse

356 2738 562 2825 naufragium
585 2741 724 2825 pelago?
770 2742 849 2825 quid
873 2746 966 2827 capto
990 2740 1149 2824 sauguine
1173 2758 1283 2822 regem

354 2842 513 2911 Romanis
535 2847 697 2933 positum?
743 2854 918 2934 raptosque
942 2870 981 2913 ex
1005 2847 1134 2933 ignibus
1158 2846 1250 2929 ignes

356 2954 589 3039 cedentemque
612 2957 683 3021 uiro
706 2955 883 3039 flammam,
908 2956 964 3041 qui
988 2955 1109 3040 templa
1132 2949 1278 3017 ferebat?

356 3066 435 3143 quot
458 3062 583 3127 subitae
605 3064 741 3129 ueniunt
764 3064 945 3129 ualidorum
970 3063 1002 3127 in
1027 3082 1163 3147 corpora
1186 3065 1305 3123 mortes

315 3186 455 3251 coaequo
477 3170 567 3255 ipsae
589 3191 700 3235 rursus
723 3170 854 3256 fugiunt
877 3176 1051 3254 errantque
1074 3190 1133 3254 per
1155 3160 1270 3251 ignes?

356 3295 396 3337 ex
418 3276 497 3361 ipsis
520 3276 653 3361 quidam
676 3279 754 3344 elati
776 3278 903 3344 rediere
927 3278 1098 3363 sepulcris3

356 3388 454 3467 atque
477 3384 527 3448 his
551 3386 619 3450 uita
641 3385 772 3472 duplex,
795 3386 860 3451 iilis
882 3387 938 3449 uix
963 3384 1096 3468 contigit
1120 3404 1195 3447 una.

356 3511 432 3555 ecco
454 3492 536 3557 leuis
559 3493 690 3579 perimit
712 3493 844 3559 morbus
867 3494 1064 3579 grauimque
1088 3490 1231 3561 remittit,

355 3599 571 3665 succumbunt
593 3607 678 3667 artes
702 3602 847 3686 rationis,
870 3601 1012 3666 uincitur
1034 3622 1128 3679 usus3

303 3866 337 3918 46
352 3851 442 3933 qudtl
456 3868 555 3935 quoto
572 3856 788 3937 quott⁰²eeulel
804 3870 876 3937 quod
888 3870 968 3924 ceute
981 3882 1010 3923 m
1027 3872 1055 3937 qt
1066 3867 1206 3922 ereeolec
1222 3858 1433 3933 qoodqeeeecle
1445 3871 1464 3925 g
1477 3886 1512 3897 -

194 3964 231 4016 ιι
249 3938 394 4018 abeam
412 3966 531 4033 acegm
551 3968 701 4021 arramire
715 3995 746 4003 -
762 3970 798 4021 48
809 3980 915 4035 equae
935 3966 1115 4037 trepidissime
1127 3980 1157 4019 m
1175 3960 1314 4029 emerge
1333 3958 1421 4013 orum
1432 3970 1461 4009 m
1477 3982 1512 3991 -

194 4062 230 4115 49
254 4078 385 4171 umngpc
401 4076 430 4117 m
460 4090 493 4100 -
522 4065 557 4119 50
581 4068 606 4118 te
628 4064 740 4120 Niliaco
758 4066 927 4135 eperiturum
945 4078 973 4119 m
1002 4098 1036 4105 —
1065 4064 1097 4118 51
1122 4057 1298 4118 mitridaticl
1319 4054 1513 4125 mitrydatiag

195 4189 287 4241 raetos
305 4188 446 4243 eamcam
458 4202 487 4243 m
502 4222 535 4229 -
548 4190 582 4243 52
601 4174 678 4244 trial
696 4190 749 4245 trie
761 4202 815 4258 gm
835 4193 918 4245 trecc
938 4222 972 4231 -
992 4190 1026 4245 53
1040 4172 1129 4260 poerit
1145 4186 1156 4243 1
1175 4188 1264 4257 maret
1276 4198 1305 4237 m
1331 4194 1483 4285 coquorcerq
1497 4190 1512 4230 c

194 4284 397 4354 componerelg
415 4303 583 4356 reponerem
601 4316 634 4325 -
654 4288 689 4343 55
708 4288 885 4357 electaeqcco
910 4315 943 4326 -
967 4288 1002 4343 58
1020 4289 1129 4343 uictore
1147 4285 1251 4341 aititur
1264 4296 1292 4336 m
1317 4308 1349 4317 -
1370 4279 1404 4333 59
1423 4273 1513 4331 iurol

195 4382 392 4492 imssss'wfff‘
410 4385 484 4453 perit
502 4399 528 4439 m
545 4383 589 4453 (L)
608 4414 644 4423 -
663 4388 695 4441 61
720 4386 853 4441 inditium
870 4385 906 4454 lg
928 4386 1063 4441 iudioimn
1081 4400 1109 4440 m
1138 4412 1172 4422 -
1201 4384 1235 4437 63
1257 4380 1333 4436 orbec
1352 4391 1381 4431 m
1405 4372 1450 4439 (L)
1479 4400 1511 4409 ··

195 4509 231 4560 ec
250 4522 371 4563 eom
384 4507 394 4563 1
408 4510 586 4579 primoecce
599 4525 627 4565 m
648 4540 680 4548 -
704 4512 738 4565 ee
756 4512 805 4579 que
824 4477 1020 4567 damaim
1044 4512 1142 4579 queue
1162 4526 1259 4565 corma
1277 4507 1322 4560 sue
1335 4517 1363 4556 m
1388 4500 1513 4563 remae

194 4620 338 4661 meone
357 4636 390 4643 -
410 4608 599 4677 ecqwcrge
616 4610 725 4677 queam
746 4636 779 4645 ·-
799 4608 1067 4679 etquicseruaco
1086 4638 1122 4645 -—
1140 4580 1262 4676 emm
1280 4600 1385 4671 quode
1403 4590 1513 4649 inenl

196 4700 265 4757 eud.
280 4718 353 4759 corr.
367 4706 398 4759 in
410 4718 467 4761 om.
481 4720 510 4761 m
524 4708 603 4760 -71
623 4706 774 4779 reputaturis
786 4705 832 4763 lm
852 4736 884 4745 -
905 4708 940 4763 72
959 4709 1090 4779 coutinyit
1104 4720 1132 4761 m
1146 4734 1178 4742 -
1193 4708 1227 4761 73
1246 4694 1347 4759 morbis
1358 4694 1378 4748 l·
