3642 5259
378 612 507 679 semper
527 598 560 658 et
582 570 735 659 hibernas
759 594 883 676 eadem,
907 600 1094 681 certamque
1117 597 1255 682 figuram

324 724 365 768 sue
379 701 515 787 quisque
539 700 608 767 dies
630 701 737 767 reddit
758 702 879 767 munde
903 709 1089 789 certamque
1112 704 1284 790 relinquit?

378 810 443 874 iam
466 815 547 891 tum,
570 830 644 874 eum
668 808 787 875 Graiae
811 816 979 876 uerterunt
1001 810 1162 896 Pergama
1185 819 1308 899 gentes,

378 922 483 982 arctos
507 923 540 981 et
562 916 664 983 Orien
688 917 833 983 aduersis
857 918 1018 984 frontibus
1040 919 1141 1001 ibant,

376 1026 458 1090 haec
482 1031 634 1090 contenta
656 1046 730 1090 suos
754 1026 787 1090 in
811 1026 933 1092 uertice
956 1027 1087 1093 flectere
1109 1049 1216 1113 gyros,

375 1132 430 1197 ille
453 1154 492 1197 ex
516 1132 644 1197 diuerso
669 1137 849 1198 uertentem
873 1155 1007 1219 surgere
1031 1141 1143 1199 contra

323 1264 364 1306 scu
378 1240 494 1307 obuius
518 1246 550 1305 et
573 1246 639 1305 tcto
664 1261 793 1327 semper
816 1242 988 1308 decurrere
1010 1242 1143 1308 mundo.

378 1355 588 1434 temporaque
613 1348 768 1413 obscurae
792 1350 895 1415 nectis
920 1350 1119 1436 deprendere
1143 1351 1244 1435 siguis

378 1458 442 1523 iam
467 1461 625 1542 poteraut,
651 1457 841 1543 caelumque
865 1480 941 1524 suas
965 1458 1155 1524 distinxerat
1177 1459 1283 1524 horas.

378 1570 457 1649 quot
479 1571 552 1650 pest
575 1564 735 1629 excidium
759 1564 878 1630 Troiae
902 1573 978 1631 sunt
1000 1573 1092 1631 eruta
1115 1567 1231 1652 regua!

379 1678 458 1757 quot
481 1672 565 1758 capti
589 1667 714 1757 populi!
762 1674 912 1757 quotiens
935 1673 1066 1738 fortuna
1088 1695 1147 1758 per
1170 1676 1280 1738 urbem

323 1802 364 1843 are
378 1780 545 1845 seruitium
568 1779 805 1866 imperiumque
829 1781 902 1845 tulit
925 1782 1080 1867 uarieque
1103 1782 1251 1845 reuertit!

377 1888 535 1955 Troianus
559 1888 683 1952 cineres
706 1889 739 1952 in
764 1895 922 1973 quantum
945 1890 1045 1954 oblita
1066 1889 1187 1954 reieuit

377 1996 563 2082 imperium!
610 1996 686 2061 fatis
709 1994 807 2061 Asiae
830 1996 896 2062 iam
921 1996 1061 2062 Graecia
1082 2018 1194 2083 pressa
1217 2003 1275 2061 ast.

378 2103 508 2169 saecula
530 2104 736 2169 dinumerare
760 2105 857 2189 piget,
884 2105 1097 2189 quotiensque
1120 2125 1289 2169 recurrens

376 2212 522 2276 lustrarit
545 2211 701 2275 mundum
726 2212 816 2275 uario
841 2212 888 2275 sei
911 2213 1027 2297 igneus
1051 2213 1137 2277 orbe.

325 2342 364 2385 ers
378 2320 488 2384 omnia
510 2320 639 2384 mortali
662 2325 831 2384 mutantur
852 2320 926 2403 lege
950 2326 1069 2399 ereata,

378 2448 438 2491 nec
462 2449 497 2491 se
520 2433 719 2512 cognoscunt
743 2433 859 2506 terrae,
882 2427 1084 2492 uertentibus
1107 2428 1200 2492 anuis

375 2542 488 2601 exutas
511 2536 637 2600 uariam
661 2535 778 2600 faeiem
802 2556 860 2620 per
883 2535 1014 2601 saecule
1036 2542 1159 2619 gentes.

378 2651 412 2708 at
433 2649 544 2709 manet
565 2644 735 2709 incolumis
759 2644 899 2708 mundus
923 2665 1045 2729 suaque
1069 2643 1178 2707 emnia
1201 2648 1320 2722 seruat,

379 2772 462 2837 quae
486 2772 546 2815 nec
569 2750 667 2836 leuga
691 2750 760 2815 dies
783 2757 882 2836 auget
904 2750 1063 2815 minuitue
1086 2756 1245 2832 senectus,

326 2881 366 2922 sue
379 2880 438 2924 uer
462 2864 568 2924 ructus
591 2864 710 2944 puncto
734 2866 850 2924 curuat
873 2880 1028 2924 cursusue
1052 2859 1180 2943 fatigat:

379 2967 465 3031 idem
489 2988 618 3052 semper
640 2967 712 3048 erit,
736 2968 891 3052 queniam
915 2988 1043 3053 semper
1067 2967 1129 3031 init
1148 2966 1243 3032 idem.

380 3095 444 3139 non
468 3074 567 3139 ulium
591 3074 703 3139 uidere
726 3081 835 3162 patres
860 3075 1002 3140 aliumue
1024 3081 1158 3160 nepotes

380 3181 550 3268 aspicient:
575 3181 735 3265 deusest,
759 3183 903 3269 quinon
928 3189 1072 3247 mutatur
1095 3184 1127 3247 in
1152 3204 1244 3247 aeuo.

379 3310 556 3375 numquam
580 3298 783 3355 transuersas
807 3291 908 3356 solem
933 3291 1105 3355 decurrere
1129 3289 1169 3355 ad
1194 3294 1299 3354 arctos

325 3418 439 3463 assues
462 3403 588 3462 mutare
611 3398 682 3462 uias
706 3404 739 3463 et
761 3400 794 3463 in
818 3404 925 3463 crtum
948 3405 1075 3463 uertere
1100 3419 1212 3462 cursus

381 3526 595 3591 auroramque
618 3506 711 3571 nouis
735 3513 922 3571 nascentem
946 3506 1116 3572 ostendere
1138 3506 1243 3586 terris,

381 3635 439 3679 uec
463 3613 573 3678 lunam
597 3620 701 3679 certos
725 3613 880 3679 excedere
903 3614 1034 3679 luminis
1058 3615 1152 3678 orbes

381 3720 437 3785 sed
461 3742 592 3786 seruare
615 3722 757 3802 modum,
783 3743 847 3807 qno
873 3727 997 3786 crescat
1019 3742 1126 3807 queue
1149 3720 1289 3802 recedat,

328 4016 377 4069 501
399 4012 488 4069 Grata
499 4014 700 4070 martensele
715 4013 791 4084 prete
806 4017 967 4069 auerterent
979 4028 1009 4068 ru
1025 4013 1119 4083 pratee
1136 4017 1275 4119 neqeunt
1288 4026 1308 4081 g
1321 4028 1373 4082 per
1389 4028 1489 4081 empna
1501 4027 1531 4066 ru

222 4121 264 4187 (in
278 4134 370 4190 ntarg.
384 4122 516 4187 corr.-)
529 4119 581 4177 502
595 4119 746 4189 Arctcelg
761 4120 1064 4176 aretdecurctoam-
1077 4081 1276 4205 ausciu‘h—
1243 4122 1338 4175 -500
1353 4117 1533 4188 deprtttderel

222 4218 463 4288 deprehenderem
492 4220 655 4290 deprendere
675 4234 776 4288 gc-
807 4222 858 4274 507
879 4222 1085 4287 poteratg-
1114 4220 1167 4272 508
1191 4217 1260 4286 qued
1278 4217 1345 4271 lmc
1371 4220 1470 4286 quetg
1496 4245 1532 4255 -

222 4320 274 4373 509
287 4316 355 4387 quod
367 4316 433 4372 lcm
446 4321 510 4388 queat
518 4334 538 4387 g
552 4347 584 4355 —
598 4318 650 4373 512
662 4314 768 4386 preticl
780 4317 868 4385 precia
879 4332 931 4385 gm
944 4346 976 4353 —
987 4317 1040 4371 514
1052 4297 1205 4382 1030·ανέ11
1217 4316 1330 4370 leucari
1340 4330 1367 4369 m
1380 4315 1533 4383 lmtrcritg

222 4416 374 4471 lsutrcretc
388 4445 420 4455 -
435 4418 486 4472 516
499 4432 584 4471 canoa
596 4430 625 4471 m
640 4444 673 4453 -
688 4417 738 4471 517
755 4412 843 4483 turture
856 4414 991 4483 (initialis
1005 4414 1098 4478 deest)
1109 4413 1120 4467 l
1132 4420 1227 4468 auram
1236 4427 1276 4481 ge
1288 4413 1398 4468 lunaria
1409 4420 1491 4468 matu
1505 4427 1532 4466 m

221 4514 263 4581 (in
292 4528 383 4584 marg.
412 4528 485 4571 cerr.
515 4516 610 4569 exertae
635 4511 754 4579 ιιαήαηι)
783 4546 816 4553 -
846 4515 897 4569 519
925 4511 1077 4580 minuitque
1100 4524 1117 4566 ο
1146 4540 1179 4549 -
1206 4510 1258 4566 520
1276 4497 1390 4578 pdritcl
1414 4515 1534 4579 peatog

221 4616 321 4682 peneto
340 4628 389 4669 em
407 4614 503 4668 mersat
519 4610 551 4666 lc
574 4613 673 4667 curerat
690 4626 744 4679 gru
765 4640 796 4648 —
822 4614 872 4667 521
892 4612 951 4679 fuit
967 4610 1049 4665 mrtem
1068 4607 1080 4662 1
1100 4579 1170 4662 ideae
1187 4623 1203 4662 c
1220 4607 1304 4663 aedera
1323 4622 1353 4661 m
1371 4608 1441 4664 idem
1462 4624 1481 4677 g
1501 4634 1533 4644 —

223 4712 275 4766 522
294 4709 412 4767 aliumue
430 4724 456 4765 0.

277 4832 384 4876 nauum.
403 4835 422 4877 1.
1430 4811 1447 4863 2
