3642 5259
797 384 882 440 Liber
900 383 935 439 ΙΙ.
972 384 1123 439 atr-eto.

410 624 450 669 ³⁴2
465 601 616 688 quocirca
642 622 703 664 nou
728 600 832 665 omnis
855 600 953 665 hebet
977 601 1126 686 geniture
1149 601 1285 686 trigonio

410 734 450 778 ecs
464 730 657 775 consensum
681 709 792 793 signis,
816 729 876 773 nec
900 730 973 773 cum
998 715 1073 773 eunt
1094 708 1177 773 forte
1200 708 1368 795 quadratu,

465 818 616 882 continua
639 815 723 881 inter
746 837 780 881 ee
805 821 937 881 seruant
958 816 1155 881 commercio
1176 838 1295 881 rerum.

403 1004 407 1015 Ι
463 926 560 990 distet
583 924 680 1006 euim,
704 930 811 1009 partes
835 930 1005 989 consumat
1026 923 1114 989 linea
1137 925 1250 1006 iustae,

463 1032 662 1096 detractatae
685 1030 817 1095 modum
841 1033 978 1114 numeri,
1002 1052 1098 1116 quem
1123 1032 1263 1097 circulus
1287 1032 1398 1111 ambit,

463 1161 548 1205 nunc
572 1139 630 1203 trie
653 1138 784 1219 efficiat,
808 1158 894 1203 nunc
918 1144 1070 1223 quattuor
1092 1139 1236 1225 undique
1259 1139 1384 1218 ductus,

409 1270 450 1314 eoo
463 1268 543 1333 quoe
566 1246 600 1311 in
623 1245 719 1332 plura
740 1246 830 1311 iubet
854 1246 936 1311 ratio
959 1246 1135 1332 procedere
1158 1248 1252 1331 cigno

461 1355 634 1437 interdum,
659 1375 757 1439 quem
780 1360 855 1419 eunt
878 1354 1021 1419 numeris
1044 1360 1225 1419 memorate
1246 1375 1305 1439 per
1327 1353 1450 1418 orbem.

463 1461 520 1526 eed
541 1461 637 1547 longe
661 1462 764 1525 maior
787 1462 836 1526 uie
860 1467 909 1527 eet
931 1482 991 1546 per
1012 1462 1107 1546 cigno
1129 1461 1249 1546 trigoni

462 1590 559 1655 quem
583 1568 700 1654 quibus
724 1575 772 1633 eet
794 1569 905 1633 titulus
929 1568 990 1634 eub
1013 1576 1129 1653 quarto
1153 1590 1282 1654 quoque
1305 1568 1482 1655 quadratis.

462 1675 556 1741 altior
579 1682 627 1741 eet
650 1676 764 1742 horum
789 1683 950 1741 summoto
973 1676 1060 1741 linea
1083 1676 1215 1761 templo,

408 1806 447 1849 ere
461 1783 516 1848 illu
539 1782 643 1868 magio
667 1783 774 1848 uicina
797 1789 884 1848 meet
907 1784 1062 1869 coeloque
1085 1783 1217 1863 recedit,

462 1896 494 1954 et
515 1891 648 1976 propius
671 1897 774 1955 terroe
796 1890 923 1955 accedit
945 1891 1035 1956 uieue
1057 1912 1171 1956 eorum

461 2020 602 2084 aeraque
624 1999 779 2064 infectum
804 2004 931 2063 nostrae
953 1997 1094 2064 demittit
1116 2000 1158 2063 od
1180 2020 1287 2063 auree.

514 2106 634 2171 debilia
655 2106 788 2171 alteruis
809 2105 887 2171 dete
909 2111 985 2171 eunt
1007 2106 1202 2172 commercia
1225 2106 1326 2191 cignis

458 2219 571 2278 mutua
594 2234 652 2279 nec
676 2235 795 2300 magno
820 2234 980 2279 concensu
1003 2213 1136 2279 foedere
1158 2220 1301 2294 seruent,

406 2320 564 2387 eeoinuitu
585 2329 723 2407 angusto
746 2320 833 2408 quod
857 2320 944 2386 lineo
966 2321 1107 2387 flectitur
1130 2321 1217 2387 orbe.

461 2448 537 2493 nem
561 2450 633 2493 cum
658 2450 716 2515 per
738 2429 821 2495 telie.
834 2429 996 2494 feriuntur
1018 2428 1148 2513 cingula
1170 2429 1264 2493 limae
1298 2480 1307 2493 .

458 2536 575 2619 sidera,
598 2542 631 2602 et
653 2537 777 2602 alterno
800 2536 980 2602 deuertitur
1002 2535 1143 2620 angulus
1165 2540 1263 2615 astro,

422 2644 425 2649 '
461 2664 581 2730 sexque
604 2664 662 2731 per
685 2644 851 2711 anfractus
874 2649 1029 2709 ouruetur
1052 2643 1182 2729 uirguia
1204 2644 1237 2709 in
1261 2643 1382 2709 orbem.

461 2772 481 2815 a
505 2756 596 2817 teuro
620 2752 711 2817 uenit
732 2753 766 2817 in
791 2773 956 2833 cenorum,
979 2758 1049 2817 tum
1072 2752 1200 2835 uirgine
1222 2756 1309 2815 tuoto

406 2881 446 2926 ceo
460 2860 609 2945 scorpion
632 2859 827 2945 ingreditur3
852 2859 930 2944 quin
954 2865 997 2939 te,
1020 2861 1219 2944 coprioome‚
1243 2858 1404 2944 rigentem

461 2972 493 3031 et
515 2967 662 3052 geminos
686 2988 706 3031 e
728 2973 760 3033 te
783 2968 888 3052 pisces
912 2986 1092 3051 auersoque
1115 2966 1200 3031 teuri

460 3073 566 3138 sideru
590 3075 780 3159 contingens
803 3074 874 3138 finit
898 3093 963 3158 qua
986 3079 1137 3159 coeperet
1160 3073 1281 3139 orbem.

461 3181 593 3246 alteriue
616 3182 732 3246 ductus
754 3181 845 3246 locue
868 3166 918 3246 eet
939 3201 999 3267 per
1020 3182 1158 3247 transite
1179 3182 1284 3266 siguo,

459 3293 559 3373 utque
583 3310 622 3353 ee
644 3293 840 3375 praeterere,
864 3310 948 3374 quoe
971 3296 1046 3355 eunt
1068 3290 1149 3355 mihi
1171 3288 1302 3373 singule
1324 3288 1420 3368 dicte,

406 3416 446 3461 cto
459 3394 595 3461 flexibus
619 3402 651 3461 et
673 3396 808 3461 totidem
831 3397 945 3463 similis
967 3397 1005 3462 fit
1027 3398 1168 3462 circulus
1191 3396 1247 3462 iili.

406 3606 459 3662 342
479 3600 620 3677 tripertiti
640 3608 796 3679 ttpooum
817 3608 992 3679 ttpoeocgc
1016 3638 1049 3647 -
1072 3610 1313 3677 &tecmmtg
1334 3634 1370 3645 -
1393 3603 1612 3675 tuperttolm

300 3718 402 3760 uerene
422 3706 475 3759 318
493 3706 546 3761 313
570 3706 710 3776 repetitos
733 3706 763 3763 iu
788 3707 868 3764 calce
887 3707 1013 3764 subieci:
1037 3708 1090 3763 343
1107 3708 1242 3762 mm
1258 3705 1360 3761 duem.
1383 3704 1444 3759 ticet
1456 3720 1516 3775 erpo
1535 3703 1613 3773 cipro

300 3793 1612 3875 tripomiitttdicoutur,porteenoueemmttllotriqouou-345retumluecummeortec

297 3900 406 3969 fortcu
429 3930 464 3941 —
487 3903 539 3957 346
558 3904 720 3959 munoeo
743 3932 778 3941 —
801 3906 853 3959 347
873 3902 1176 3971 enimueroportteo
1204 3930 1236 3939 -
1260 3902 1313 3956 348
1340 3901 1552 3971 &uoctctpoeo
1576 3928 1610 3937 -

299 4000 352 4055 343
375 3998 471 4055 utem
497 4003 588 4055 hau
610 3999 740 4069 efficicto
764 4036 798 4044 -
822 4002 1002 4057 350iuucto
1027 4030 1059 4038 -
1078 3999 1385 4069 352moioroe'elgm
1405 3997 1557 4068 mj'e'uec
1577 4028 1611 4036 -

298 4095 1612 4168 353quaaraeec-354munou1mcsummoug-eotmom-uomet

297 4196 427 4253 interut
446 4194 492 4263 (E)
509 4200 602 4251 rote-or
613 4212 643 4252 m
661 4196 760 4263 (L)-
779 4198 861 4253 357Ι
850 4215 881 4253 ur
899 4198 1022 4267 erectum
1035 4196 1081 4252 lm
1099 4196 1298 4252 33533530-
1318 4195 1386 4251 cute
1404 4196 1458 4251 353
1476 4193 1547 4249 te
1523 4194 1612 4263 ereo

298 4302 494 4373 montagu
521 4302 573 4358 358
595 4303 834 4373 eueaqldeuroq
853 4304 936 4369 mOE
937 4304 1070 4373 ).duuaq
1088 4319 1117 4359 m
1136 4266 1609 4374 (mmmmmccc-

299 4401 351 4456 353
372 4400 484 4469 seruent
501 4415 517 4456 c
537 4430 567 4438 -
588 4402 637 4458 361
659 4392 790 4472 predales
807 4400 817 4456 l
836 4402 977 4470 praedulce
993 4416 1021 4457 m
1043 4402 1178 4471 pertalerg
1197 4416 1213 4455 c
1234 4404 1426 4471 [macro
1447 4400 1556 4455 tmeeo
1575 4432 1610 4441 -

299 4498 352 4554 363
373 4499 553 4566 coemptor}
577 4506 729 4555 moueantur
746 4514 832 4555 m-
800 4500 904 4555 -365
931 4506 1064 4569 repentem
1081 4515 1163 4554 m-
1183 4501 1235 4559 366
1258 4500 1552 4567 commutaret)
1576 4524 1609 4535 -

298 4596 350 4653 367
369 4600 436 4653 emt
451 4614 505 4667 quo
518 4612 605 4652 [1]-
629 4599 682 4652 368
700 4597 812 4653 attentio
829 4596 863 4665 lg
881 4597 995 4652 alteriue
1013 4611 1064 4653 mc
1090 4598 1143 4653 368
1161 4598 1214 4652 369
1232 4596 1354 4652 orditoem
1372 4598 1484 4651 mount
1498 4593 1566 4702 leg¹
1575 4621 1608 4631 —-

299 4696 353 4752 370
370 4696 497 4752 rimitte'
485 4713 515 4751 m
533 4695 652 4751 circulus
664 4693 709 4749 lm
729 4693 826 4749 omitte
844 4694 898 4763 itg
915 4694 1012 4749 amitte
1029 4695 1095 4750 etto
1112 4694 1204 4750 illico
