3642 5259
196 3217 263 3384 r

784 394 870 453 Liber
888 393 922 452 v;
958 394 1110 451 tet-281.

451 635 528 681 esra
548 611 734 679 Ariadnaeo
756 610 921 698 quondam
943 610 1144 678 monimenta
1166 630 1316 695 serenae,

451 729 484 789 et
506 722 611 788 mollis
633 719 776 787 tribuent
798 726 894 786 artes.
941 718 1017 784 hine
1039 718 1127 785 dona
1148 718 1277 804 puellae

396 853 437 899 ses
450 850 591 916 namque
614 830 726 895 nitent
772 826 861 893 illino
883 826 991 893 oriens
1013 835 1062 893 est
1084 828 1157 915 ipsa
1177 824 1297 914 puella.

449 938 505 1004 illa
528 937 613 1003 solet
634 935 744 1001 nitidis
767 941 985 1021 gemmantem
1009 934 1306 1017 reubariorum,

448 1045 599 1132 pallentis
620 1044 725 1109 uiolas
747 1048 781 1108 et
802 1062 984 1129 purpureos
1007 1042 1199 1129 hyaeiuthos

448 1153 582 1239 liliaque
603 1156 637 1218 et
658 1149 774 1237 'l'yrins
794 1148 923 1216 imitata
943 1169 1111 1237 papauera
1132 1150 1221 1216 iures

449 1258 680 1346 uaruautisqua
702 1279 797 1325 rosae
819 1257 1000 1324 rubicundo
1024 1258 1182 1345 sanguiue
1205 1258 1333 1339 florem3

394 1368 634 1437 rennueruleum
656 1365 744 1433 foliis
766 1365 948 1432 uiridemue
968 1363 1001 1431 in
1025 1367 1173 1452 germine
1196 1367 1312 1433 coliem

448 1482 596 1543 conserat
618 1481 651 1540 et
672 1474 761 1539 ueris
783 1472 939 1560 depinget
960 1478 1055 1559 prata
1076 1473 1200 1559 figuris,

447 1590 505 1651 ant
526 1582 635 1650 uarios
656 1587 765 1647 uertet
785 1581 882 1647 flores
905 1580 1064 1668 sertisque
1086 1582 1207 1647 loeabit

393 1716 434 1761 ru
447 1691 645 1777 effingetqus
668 1710 763 1756 auum
786 1687 906 1769 simile;
931 1690 1043 1755 autin
1066 1696 1180 1756 mutua
1203 1711 1332 1777 pressos

392 1801 599 1885 reeineoquet
620 1802 719 1883 atque
741 1796 887 1862 Arabum
911 1796 1003 1862 siluis
1026 1796 1182 1863 mulcebit
1202 1798 1318 1863 odores

447 1913 480 1973 et
501 1907 613 1972 Medos
636 1910 804 1991 unguenta
825 1904 915 1970 dabit
937 1904 1113 1971 referentia
1135 1905 1241 1986 flatus,

448 2022 485 2081 ut
504 2015 548 2080 sit
569 2012 728 2080 adulterio
751 2032 903 2078 sueorum
926 2012 1031 2097 gratia
1054 2014 1168 2079 maior.

447 2122 626 2189 munditiae
648 2120 819 2206 uultusque
900 2142 921 2178 s
981 2142 1001 2178 e
1079 2128 1230 2209 artesque
1254 2122 1362 2189 decori

447 2238 480 2297 et
500 2229 697 2296 lenocinium
720 2228 808 2294 uitae
831 2249 1050 2317 praesensque
1072 2229 1232 2317 uoluptas.

393 2362 434 2409 rso
448 2338 585 2425 uirginis
606 2338 669 2402 her
691 2337 769 2403 anni
791 2342 931 2422 poscunt
952 2337 1113 2424 floresque
1137 2358 1285 2403 coronae.

444 2453 479 2512 at
501 2467 575 2510 eum
598 2465 657 2531 per
679 2443 840 2510 desimam
863 2464 1063 2530 eonsurgena
1085 2444 1219 2511 horrida
1241 2452 1367 2531 partem

444 2553 533 2640 spira
557 2553 639 2617 feret
662 2557 831 2638 praestans
854 2550 1008 2618 uallautis
1030 2573 1150 2638 eorpus
1172 2554 1298 2636 aristas,

444 2681 598 2727 amorum
620 2661 791 2745 ingenerat
812 2659 956 2726 studium
979 2660 1128 2746 rurisque
1152 2661 1295 2727 colendi:

445 2770 634 2854 seminaque
657 2766 692 2833 iu
714 2766 810 2832 fenus
833 2768 967 2833 sulentis
990 2767 1123 2833 eredere
1147 2768 1242 2834 terris

391 2896 642 2961 mensuramque
665 2875 757 2960 aequi
780 2874 938 2941 maiorem
962 2882 1049 2940 sorte
1071 2876 1210 2962 receptis

445 2984 595 3070 frugibus
617 2981 798 3049 innumeris
819 2989 918 3068 atque
941 2982 1059 3049 horrea
1080 3004 1239 3069 quaerere
1262 2986 1360 3051 messi
1385 3022 1425 3032 -

445 3092 531 3179 quod
555 3090 659 3157 aslum
683 3089 792 3156 deruit
814 3088 959 3155 mortalis
984 3111 1079 3156 nosse
1102 3090 1284 3173 metallum3

445 3199 535 3266 nulla
557 3192 671 3295 inmte,
695 3218 760 3262 non
783 3196 852 3262 ulis
874 3196 980 3262 ferent
1002 3198 1125 3263 ieiunia
1147 3200 1257 3278 terrim

445 3307 537 3372 diues
561 3311 631 3371 erat
654 3324 771 3370 census
793 3306 946 3371 saturatis
969 3306 1120 3390 gentibus
1143 3306 1214 3372 orbi
1239 3342 1280 3351 —

391 3438 432 3481 nee
445 3421 478 3479 et
500 3413 528 3479 si
550 3412 635 3478 ferte
656 3410 750 3477 labor
771 3411 857 3477 ruris
879 3412 1070 3497 tardauerit,
1093 3420 1190 3495 artes,

446 3523 519 3609 quis
539 3521 610 3587 sine
632 3520 723 3586 nulla
745 3517 855 3597 Ceres,
879 3540 945 3587 non
969 3520 1054 3587 ullus
1078 3521 1210 3587 seminis
1234 3543 1325 3589 usus:

390 3764 1123 3841 memommag-usmutlmuec
1141 3770 1604 3831 tribuentoartaso-tbt'raam

283 3868 568 3940 qaurlnamqaum
586 3868 941 3938 -seeiueofrorstaeg
959 3867 1385 3939 ortumlg-iirtpulleateso
1403 3866 1603 3943 tyaeiarittrial

283 3964 1604 4040 naussumtrenetur-memm-seoaaeruzeanfouergcmemw

281 4062 576 4136 settirmqemtaem
594 4064 752 4134 qroeamu
770 4094 804 4105 -
823 4066 875 4123 261
895 4066 1174 4123 tormentuosum
1194 4064 1357 4137 depiaqqetl
1375 4067 1547 4139 depiaqeoetg
1565 4098 1602 4107 -

283 4164 338 4219 262
358 4152 605 4220 mtitlnerte'tm
629 4162 771 4220 metm
802 4192 835 4202 -
858 4165 913 4220 268
934 4162 1154 4234 atfiaqetquern
1176 4163 1375 4235 rsfiaqetqaoeu
1396 4165 1481 4236 autel
1503 4182 1601 4223 masc

282 4276 430 4331 asangm
452 4259 602 4331 amneque
617 4260 694 4318 Mas
710 4260 764 4318 isal
786 4261 888 4317 similes
905 4262 971 4331 ing
991 4260 1067 4317 sidae
1083 4261 1233 4332 amiteque
1249 4264 1323 4319 iam
1350 4292 1382 4301 —
1402 4264 1455 4321 265
1475 4256 1603 4334 istaequet

282 4449 1601 4529 quartanarumque-suaderem1¹¹¹·“1dactmme-272pswaeuazeatelgc

279 4556 862 4624 mammaeam—tremum
880 4557 1601 4615 merome-numeratno-nrasaturaae

1799 3728 1802 3769 r

1800 4116 1801 4161 i

282 4357 1603 4430 aqut-tesmo-neraasttetolgadstefioemmmm-nsseeatue
1783 4300 1801 4467 ᾧ

212 4632 217 4641 ’
281 4654 379 4711 orbec
397 4656 489 4711 orris
506 4684 542 4692 -
560 4654 732 4711 restruere
752 4654 1058 4710 aremarensem
1077 4658 1193 4711 arteae.
1617 4662 1619 4667 ·

1798 4988 1799 5037 t
