3642 5259
626 1158 797 1277 ¹trena
824 1156 1044 1237 uranus.
1086 1211 1089 1218 .

351 1415 397 1515 In
420 1469 507 1513 noua
530 1451 717 1531 surgentem
740 1447 929 1533 maioraque
952 1446 1076 1511 uiribus
1099 1467 1213 1512 ausum

351 1578 411 1622 neo
434 1576 492 1641 per
515 1554 698 1619 ineooessoe
722 1559 920 1619 metuentem
943 1553 1064 1618 uadere
1087 1554 1188 1619 saltus

350 1664 457 1729 duoite
481 1661 639 1727 Pierides.
686 1666 812 1727 nestros
835 1661 1010 1727 extendere
1032 1682 1132 1727 eonor

350 1772 431 1837 fines
455 1775 488 1835 ot
511 1770 626 1856 dignos
649 1770 682 1835 in
707 1770 851 1835 earmina
875 1771 994 1835 duoere
1017 1774 1141 1835 cantus.

325 1900 417 1944 enon
441 1898 501 1962 ego
524 1878 557 1942 in
582 1876 744 1943 excidium
767 1878 848 1943 caeli
872 1877 1040 1943 nascentia
1063 1876 1149 1942 bella

351 1986 497 2051 fulminis
519 1992 553 2050 et
574 1985 714 2050 flammis
737 1982 849 2070 partus
872 1986 906 2049 in
930 1989 1034 2049 matre
1056 1985 1210 2070 sepultos,

351 2114 415 2158 non
438 2094 622 2158 coniuratos
645 2114 739 2178 reges
762 2091 926 2179 Troiaque
949 2092 1085 2157 cadente

351 2199 495 2265 Heetora
517 2200 667 2265 uenalem
692 2200 792 2265 cineri
815 2198 1047 2285 Priamumque
1070 2198 1239 2282 ferentem,

352 2306 507 2373 Oolohida
531 2329 590 2372 nee
614 2307 755 2373 referam
779 2307 977 2373 uendentem
999 2328 1102 2393 regna
1124 2308 1268 2393 parentis

314 2438 340 2479 ro
353 2422 385 2480 et
407 2416 551 2480 lacerum
573 2414 707 2480 fratrem
732 2420 843 2501 stupro
867 2420 1059 2501 segetesque
1081 2416 1227 2481 uirorum

353 2530 584 2609 taurorumque
609 2524 707 2587 trucis
731 2523 878 2587 flammas
902 2522 1101 2609 uigilemque
1122 2522 1298 2588 draconem
1376 2564 1381 2579 ι

353 2639 385 2697 et
407 2632 543 2697 rednoes
567 2652 669 2696 annos
693 2652 835 2716 auroque
859 2630 1010 2695 incendia
1033 2630 1121 2695 iac-ta

314 2760 339 2805 ra
354 2746 386 2805 et
408 2740 493 2805 male
517 2744 688 2824 eoneeptos
712 2744 824 2825 partus
847 2737 1005 2824 peiusque
1028 2744 1175 2818 neoatos3

314 2870 340 2912 ιε
354 2854 569 2933 septenosque
592 2845 690 2911 duces
714 2851 889 2932 ereptaque
913 2844 1049 2911 fulmine
1072 2845 1212 2910 flammis

353 2955 481 3020 moenia
504 2953 691 3019 Thebarum
715 2960 747 3019 et
770 2954 899 3034 nietam,
926 2954 1002 3039 quia
1024 2952 1158 3034 uicerat,
1181 2952 1294 3018 urbem
1363 3002 1366 3008 .

353 3082 590 3147 germanosque
613 3060 714 3148 patris
737 3060 878 3127 referam
902 3062 1079 3147 matrisque
1102 3067 1236 3147 nepotes

354 3176 568 3255 natorumque
592 3170 703 3255 epulas
727 3190 950 3254 conuersaque
972 3168 1080 3235 sidera
1102 3174 1188 3234 retro

232 3332 236 3340 .
355 3284 571 3371 ereptumque
590 3276 690 3357 diem3
715 3298 774 3343 nee
798 3276 931 3342 Persica
953 3276 1040 3342 bella
1061 3274 1224 3362 profundo
1349 3358 1352 3362 ¹

314 3384 476 3451 mindiota
499 3391 532 3450 et
553 3366 672 3471 magna
695 3391 830 3471 pontum
854 3386 914 3449 sub
938 3384 1042 3449 olasse
1064 3384 1219 3449 latentem

314 3514 340 3558 n
354 3492 589 3577 inmissumque
612 3493 731 3557 fretum
755 3493 859 3576 terris,
881 3492 942 3559 iter
965 3491 1115 3578 aequoris
1138 3492 1243 3557 undis.

313 3622 340 3665 14
353 3620 419 3665 non
443 3620 565 3665 annosa
588 3620 703 3666 eanam
727 3598 897 3665 Messanae
921 3599 1008 3665 bella
1030 3600 1191 3681 noeentis3

314 3728 342 3773 nr
355 3728 419 3772 non
444 3708 530 3793 regis
553 3709 663 3793 magni
686 3709 790 3794 spatio
814 3708 937 3773 maiore
961 3707 1118 3790 canenda,

302 3914 395 3968 autel
417 3910 544 3983 spatium
558 3911 646 3969 unius
658 3911 754 3968 lineae
766 3910 902 3967 relietum
916 3911 972 3967 inl
1002 3916 1014 3966 1
1035 3910 1119 3967 Later
1130 3910 1188 3968 ΙΙΙ
1201 3912 1233 3968 in
1252 3910 1368 3981 moral
1397 3908 1425 3980 Ιπ
1440 3910 1453 3966 l
1472 3939 1505 3949 -

192 4010 356 4080 euodeegr
369 4006 544 4079 (coll.Vrat.)
557 4010 687 4067 inuadere
696 4009 755 4065 lom
767 4009 846 4065 saltos
856 4024 885 4065 m
897 4010 957 4065 -3
970 4010 1049 4066 dieite
1059 4024 1120 4066 o·-
1128 4014 1146 4065 4
1155 4008 1223 4079 fiaes
1236 4027 1318 4066 eonor
1328 4024 1345 4066 o
1357 4012 1385 4065 et
1395 4007 1507 4080 tiqaoel

193 4109 233 4177 (et
247 4090 270 4129 ¹¹¹
289 4108 383 4178 diones
405 4107 470 4163 coll.
491 4106 582 4173 Vrat.)
605 4112 632 4164 et
653 4107 744 4178 diones
761 4122 813 4178 om
833 4111 861 4163 et
880 4106 1039 4179 iadiqrsoeg
1060 4107 1182 4165 eormiae
1198 4106 1231 4163 lo
1253 4108 1380 4164 somine
1393 4122 1447 4178 gm
1472 4136 1517 4155 -ι

193 4192 370 4276 ssflommiel
390 4204 551 4275 maurum
571 4204 698 4275 flammae
710 4220 753 4276 ge
773 4209 900 4277 parnoo
923 4205 1082 4278 (portuosae
1095 4204 1134 4274 Μ)
1158 4236 1191 4246 -
1216 4209 1231 4261 7
1251 4220 1370 4262 uersum
1388 4206 1454 4276 post
1471 4207 1505 4261 37

194 4304 337 4362 exhibent
354 4304 410 4373 lge
435 4302 492 4360 hoo
514 4304 736 4375 looomu12v2
762 4304 869 4361 oodeate
887 4320 916 4360 m
942 4338 977 4347 -
1005 4309 1020 4360 9
1043 4304 1190 4373 eotottoog
1215 4302 1255 4360 eol
1274 4304 1399 4361 etnam
1415 4319 1444 4361 m
1473 4332 1505 4344 —-

197 4406 232 4461 10
249 4403 405 4458 aceruum
422 4406 619 4471 ammom—
636 4405 665 4457 11
686 4392 791 4458 meiol
812 4403 961 4473 tnategm
981 4404 1188 4459 tamo-12
1205 4402 1506 4459 euroinoendiom-

196 4505 232 4559 14
256 4499 449 4570 Meamaegm
477 4529 510 4539 -
541 4498 573 4553 15
593 4498 786 4571 fluminealgo
806 4502 976 4570 ssdmioam
1005 4530 1039 4540 -
1070 4502 1101 4556 16
1123 4501 1222 4571 meino
1246 4500 1306 4569 (que
1322 4498 1362 4566 Μ)
1385 4500 1506 4556 emmo

194 4596 375 4668 (meu)
401 4626 433 4637 -
460 4600 491 4654 19
511 4598 614 4654 bellom
639 4626 672 4637 -
699 4598 878 4670 tomoyoog
899 4602 1057 4669 monnone
1081 4628 1114 4638 —
1137 4597 1170 4651 21
1190 4597 1449 4665 mammetem
1473 4624 1506 4634 -
1593 4628 1597 4637 ·

195 4698 231 4754 22
249 4696 349 4768 reyieo
367 4695 534 4767 mqswlgo
552 4698 646 4767 moysei
658 4712 695 4752 m.

248 4822 358 4864 unnim.
379 4822 396 4865 1.
1401 4806 1418 4859 5
