3642 5259
654 484 658 495 Ι
747 406 833 465 Liber
852 406 875 465 1.
914 409 1046 465 92-125.

406 624 590 688 consultare
613 624 712 689 fibras
735 630 768 688 et
791 644 942 709 rumpere
966 625 1100 689 uocibus
1124 602 1257 714 angues,

406 730 580 795 sollicitare
604 731 735 796 umbras
758 732 926 817 imumque
949 732 1137 797 Acheronta
1159 752 1291 797 mouere

405 838 439 902 in
463 845 656 923 noctemque
680 839 760 919 dies,
784 838 818 903 in
840 840 946 903 lucem
971 844 1100 903 uertere
1122 847 1244 904 noctes.

366 970 392 1013 se
408 945 517 1010 omnia
541 946 687 1011 conando
711 946 824 1011 docilis
848 946 992 1011 sollertia
1015 946 1103 1013 uicit.

406 1074 467 1118 nec
489 1053 579 1139 prius
602 1054 756 1140 imposuit
779 1055 876 1119 rebus
899 1055 1064 1140 finemque
1087 1054 1295 1140 modumque,

407 1181 504 1246 quam
529 1161 655 1225 caelum
679 1161 825 1227 ascendit
847 1163 930 1227 ratio
954 1163 1103 1248 cepitque
1125 1160 1321 1247 profundam

406 1274 555 1334 naturam
580 1290 690 1335 rerum
714 1275 746 1333 et
769 1290 882 1335 caueae
907 1270 1052 1355 uiditque
1068 1270 1163 1355 ,quod
1186 1291 1323 1355 usquam
1347 1278 1409 1335 est:

407 1376 518 1442 nubila
542 1397 600 1441 cur
622 1383 711 1442 tanto
736 1384 947 1463 quaterentur
971 1378 1065 1465 pulsa
1088 1377 1228 1463 fragore,

354 1506 394 1549 1oo
407 1484 544 1548 hiberna
567 1485 692 1549 aestiua
716 1486 771 1549 nix
794 1486 954 1570 grandine
977 1485 1105 1550 mollior
1129 1492 1224 1568 esset,

408 1590 559 1656 arderent
582 1598 688 1656 terrae
711 1592 897 1678 solidusque
922 1599 1133 1660 tremesceret
1155 1593 1253 1675 orbis,

407 1720 466 1764 cur
487 1698 607 1763 imbres
631 1705 774 1781 ruerent,
798 1707 913 1765 uentos
937 1722 1022 1786 qnae
1045 1722 1144 1766 cause
1167 1707 1323 1781 moueret,

406 1806 547 1893 peruidit
569 1806 730 1893 noluitque
754 1809 871 1874 animis
895 1810 1053 1874 miracula
1074 1830 1180 1873 rernm

407 1914 589 2000 eripuitque
613 1914 684 1980 Ioui
708 1916 831 1981 fulmen
856 1918 1009 2002 uiresque
1032 1917 1158 1982 tonanti

354 2044 393 2089 roe
407 2027 440 2086 et
463 2022 604 2086 sonitum
627 2023 733 2087 uentis
757 2024 925 2103 concessit,
951 2024 1091 2088 nubibus
1115 2024 1234 2109 ignem.

408 2150 492 2216 quae
514 2136 686 2215 postquam
709 2131 743 2195 in
767 2132 915 2217 proprias
938 2130 1072 2196 deduxit
1094 2131 1224 2216 singula
1246 2150 1372 2211 causas,

371 2310 374 2315 ,
409 2236 551 2301 uicinam
575 2258 615 2301 ex
638 2238 702 2303 ulto
727 2238 840 2303 mundi
864 2258 1059 2323 cognoscere
1083 2237 1201 2302 motem

408 2343 548 2409 intendit
570 2350 737 2430 totumque
762 2346 869 2410 animo
895 2345 1128 2430 comprendere
1151 2344 1293 2423 caelum3

410 2451 620 2537 attribuitque
644 2474 719 2517 snas
742 2452 874 2533 formas,
899 2474 959 2517 sua
982 2453 1114 2516 nomina
1137 2451 1248 2538 signis,

356 2582 396 2627 no
410 2580 556 2644 quasque
579 2560 668 2625 uices
692 2564 827 2645 agerent
850 2566 939 2625 certe
961 2560 1022 2624 sub
1045 2566 1132 2624 sorte
1155 2559 1289 2639 notauit,

410 2666 584 2753 omniaque
607 2667 648 2732 ud
672 2687 793 2733 numen
817 2668 931 2733 mundi
954 2667 1137 2753 faciemque
1161 2668 1296 2748 moueri,

411 2774 570 2839 sideribus
593 2775 685 2841 uario
708 2774 909 2841 mutantibus
933 2774 1046 2840 ordine
1069 2775 1148 2841 sata.

410 2882 472 2947 hoc
495 2881 574 2947 mibi
598 2882 702 2967 surgit
724 2904 806 2968 opus
829 2904 894 2948 non
918 2882 992 2947 ullis
1016 2888 1090 2947 ante
1114 2888 1277 2948 sacratum

412 2989 618 3055 carminibus.
666 2989 777 3055 faueat
800 3011 919 3075 magno
944 2990 1075 3054 fortuna
1097 2990 1212 3070 labori,

359 3118 399 3161 uo
413 3118 538 3162 annosa
561 3102 593 3160 et
615 3096 705 3161 molli
729 3098 895 3183 contingat
919 3097 987 3161 uita
1010 3102 1151 3178 senecta,

412 3211 448 3270 ut
469 3204 590 3291 possim
614 3226 723 3269 rerum
747 3211 854 3269 tantas
878 3226 1046 3290 emergere
1069 3204 1171 3270 moles

413 3332 596 3398 magnaque
620 3333 693 3376 cum
718 3312 828 3396 paruis
852 3311 949 3377 simili
972 3333 1163 3397 percurrere
1186 3332 1274 3376 cura.

466 3426 498 3484 et
519 3420 673 3505 quoniam
698 3420 787 3484 caelo
812 3419 980 3485 descendit
1003 3440 1134 3485 carmen
1158 3420 1199 3484 ab
1223 3419 1299 3502 altu,

414 3533 447 3592 et
470 3529 561 3592 uenit
582 3528 616 3591 in
640 3534 743 3592 terras
766 3527 907 3593 fatorum
931 3528 1080 3593 conditus
1103 3528 1193 3610 ordo,

360 3658 400 3700 12⁰
414 3635 484 3721 ipsa
507 3635 586 3700 mihi
609 3635 749 3721 primum
774 3641 910 3701 naturae
934 3634 1040 3700 forma
1063 3635 1209 3700 canenda
1231 3641 1290 3717 est,

414 3742 647 3829 ponendusque
672 3764 731 3807 sua
753 3748 839 3807 totus
863 3743 923 3808 rub
946 3742 1090 3828 imagine
1114 3742 1263 3807 mundus.

415 3872 512 3936 quem
536 3850 605 3915 siue
629 3870 669 3913 ex
692 3850 790 3915 nullis
813 3857 1015 3935 repetentem
1039 3851 1164 3914 semina
1187 3850 1283 3913 rebus

415 3956 515 4022 natali
538 3978 667 4041 quoque
691 3978 787 4043 egere
811 3958 918 4043 placet
941 3979 1134 4043 semperque
1156 3957 1257 4021 fuisse

416 4073 448 4130 et
470 4065 541 4129 fore
564 4065 722 4149 principio
746 4065 867 4151 pariter
890 4065 1023 4149 fatoque
1048 4072 1228 4143 carentem

365 4196 402 4237 ne
416 4195 474 4238 seu
497 4174 657 4259 permixta
681 4174 779 4239 chaos
802 4196 911 4238 rerum
935 4174 1114 4259 primordia
1138 4173 1300 4257 quondam

363 4442 396 4495 97
417 4441 590 4511 profundam
608 4438 677 4510 glm
704 4468 737 4477 —
762 4442 796 4495 98
815 4418 910 4495 rorarii
929 4424 1020 4495 causis
1040 4438 1119 4505 m(b)
1140 4444 1164 4495 et
1183 4456 1280 4495 caueae
1292 4436 1373 4504 mOE)
1393 4439 1483 4493 coccis
1494 4454 1516 4489 ω
1538 4466 1570 4475 -

260 4540 306 4593 101
329 4541 479 4594 temesccret
499 4552 514 4593 c
534 4542 701 4593 tremesceret
720 4553 749 4593 m
769 4540 934 4593 tremisceret
952 4552 974 4587 ω
994 4565 1027 4573 -
1050 4538 1099 4590 104
1119 4539 1274 4591 immutire
1299 4564 1333 4573 —
1356 4536 1535 4591 locusticum
1554 4548 1571 4589 o

255 4638 433 4692 matum—
446 4638 491 4690 111
505 4654 651 4692 numerum
663 4651 730 4690 m-
745 4637 1004 4704 lldconcttieg-
1017 4638 1085 4690 ante
1100 4632 1570 4703 llttDcoripincmcndigimc-

255 4706 318 4801 bil
337 4749 395 4800 ato
414 4750 514 4813 etgm.
