3642 5259
817 384 904 443 Liber
922 383 944 443 1.
980 388 1132 444 esu-clu.

480 600 594 686 bisque
617 601 701 665 iacet
723 602 807 667 binis
831 607 1011 668 summotus
1033 603 1180 689 partibus
1204 604 1300 669 orbis.

479 728 562 772 unus
586 708 627 773 ab
651 708 701 773 his
725 717 874 795 superest
897 717 1041 775 extremo
1066 711 1231 793 proximus
1254 711 1307 775 axi

425 838 465 879 rso
480 816 627 895 circulus,
652 817 814 883 austrinas
837 818 894 903 qui
917 818 1047 901 stringit
1069 824 1102 880 et
1125 817 1251 882 obsidet
1273 825 1388 884 arctos.

478 923 529 987 hic
553 945 681 1009 quoque
703 925 883 991 brumalem
907 946 967 1011 per
990 932 1098 1010 partes
1122 926 1265 1011 quinque
1287 928 1449 1012 relinquit,

476 1036 508 1095 et
531 1037 688 1115 quantum
712 1053 732 1097 a
754 1039 864 1097 nostro
888 1032 1037 1098 sublimis
1060 1032 1192 1097 cardine
1215 1055 1323 1119 gyrus,

478 1138 575 1202 distat
597 1138 638 1202 ab
662 1138 799 1204 aduerso
823 1139 1015 1205 tantundem
1037 1140 1204 1224 proximus
1226 1140 1283 1204 illi.

472 1241 521 1307 sic
544 1241 604 1307 tici
623 1264 687 1326 per
711 1242 807 1309 binas
830 1248 951 1309 uertex
974 1265 995 1310 a
1017 1243 1142 1308 uertice
1161 1248 1278 1327 partes

422 1375 462 1417 sos
476 1348 610 1415 diuisus
633 1350 762 1433 duplici
784 1372 918 1417 sommo
941 1349 1127 1417 circcradot
1150 1350 1330 1435 Olympum

471 1462 502 1522 ct
522 1478 585 1540 por
609 1456 754 1540 qrcinque
778 1462 871 1523 notat
894 1458 1062 1543 sipccntis
1086 1462 1235 1542 temporo
1256 1459 1349 1539 fines.

475 1569 526 1633 his
549 1568 664 1633 eadem
688 1574 737 1631 est
760 1570 814 1633 uia
838 1590 922 1653 quae
945 1568 1068 1633 mundo
1091 1568 1277 1654 pariterque
1300 1576 1447 1637 rotantur

474 1675 609 1740 inclines
633 1674 801 1760 sociosque
826 1680 916 1740 ortus
940 1675 1108 1740 occasibus
1132 1683 1282 1759 aequant,

473 1782 736 1868 quandoquidem
759 1787 860 1863 textu,
884 1804 950 1868 quo
974 1787 1060 1846 totus
1083 1782 1226 1847 uoluitur
1248 1784 1345 1865 orbis,

420 1914 461 1957 coo
474 1889 530 1953 fila
552 1890 684 1954 trahunt
707 1890 763 1955 alti
787 1911 918 1955 cursum
942 1890 1130 1955 comitantia
1153 1891 1233 1954 caeli

474 1996 647 2062 interualla
670 1998 741 2082 pari
765 2004 935 2063 seruantes
959 1997 1061 2061 limite
1084 2017 1212 2081 semper

473 2105 659 2189 diuisosque
683 2104 783 2169 semel
807 2104 889 2169 fines
913 2109 1099 2188 sortemque
1123 2104 1271 2168 dicatam.

472 2218 547 2277 sunt
570 2212 645 2295 duo,
670 2232 751 2296 quos
773 2212 889 2297 recipit
912 2212 1027 2275 ductos
1050 2233 1070 2275 a
1094 2210 1215 2275 uertice
1239 2219 1359 2296 uertex,

472 2320 557 2384 inter
579 2340 614 2383 se
638 2318 778 2399 aduersi,
802 2320 858 2404 qui
883 2325 1016 2383 cunctos
1039 2323 1115 2382 ante
1138 2317 1256 2383 relatos

417 2451 458 2493 soa
471 2448 571 2513 seque
595 2432 707 2491 secant
729 2426 861 2511 gemino
885 2433 1039 2491 coeuntes
1063 2424 1196 2490 cardine
1219 2426 1331 2491 muudi

471 2542 721 2620 transuersoque
743 2536 818 2620 polo
843 2540 969 2599 rectum
993 2534 1156 2599 ducuntur
1178 2533 1211 2597 in
1235 2554 1340 2617 axem,

470 2650 616 2728 temporo
640 2642 807 2727 signantes
830 2642 908 2707 anni
931 2642 1125 2726 caelumque
1148 2662 1207 2726 per
1230 2648 1317 2706 astra

470 2757 622 2837 quattuor
645 2752 678 2816 in
703 2757 812 2836 partes
836 2749 979 2815 diuisum
1003 2749 1169 2814 mensibus
1191 2750 1313 2833 aequis.

470 2860 551 2923 alter
574 2860 615 2924 ab
641 2858 769 2923 excelso
792 2858 970 2922 decurrens
994 2856 1088 2921 limes
1111 2856 1250 2942 Olympo

415 2988 455 3029 cro
468 2968 626 3051 serpentis
651 2964 791 3031 caudam
815 2965 918 3029 siccas
941 2969 974 3028 et
997 2962 1114 3027 diuidit
1136 2968 1242 3027 arctos

468 3081 500 3138 et
522 3074 600 3159 iuga
624 3073 792 3139 ehelarum
816 3070 924 3136 medio
948 3070 1120 3135 uolitantis
1142 3090 1222 3153 gyro

467 3188 710 3267 extremamque
734 3198 848 3244 secans
871 3176 1008 3263 hydram
1031 3176 1241 3260 mediumque
1264 3178 1324 3243 sub
1347 3187 1465 3249 austris

467 3294 657 3355 centaurum
682 3287 822 3353 aduerso
847 3284 1013 3350 concurrit
1035 3305 1147 3348 rursus
1171 3284 1205 3346 in
1229 3304 1289 3348 axe

466 3404 498 3460 et
521 3396 604 3462 redit
627 3396 660 3460 in
686 3394 814 3460 caelum
838 3412 1079 3479 squamosaque
1101 3396 1233 3475 tergora
1256 3392 1317 3457 ceti

411 3528 451 3569 crs
465 3504 667 3590 lanigerique
693 3508 786 3568 notat
808 3500 890 3567 fines
914 3501 1104 3583 clerumque
1128 3499 1292 3583 trigonum

464 3611 758 3695 Andromedasque
783 3609 873 3675 sinus
897 3608 991 3689 imos,
1016 3606 1154 3691 uestigia
1177 3608 1289 3671 matris

464 3718 725 3806 principiumque
749 3737 843 3781 suum
867 3716 1006 3802 repetito
1029 3713 1161 3779 cardine
1185 3714 1314 3780 claudit,

464 3828 546 3893 alter
568 3826 603 3893 in
625 3827 714 3891 hunc
737 3826 882 3891 medinm
906 3843 1135 3907 summumque
1159 3822 1316 3889 incumbit
1338 3826 1372 3891 in
1395 3848 1490 3893 axem

408 4104 462 4158 590
474 4104 581 4158 astrion
591 4119 619 4160 m
634 4105 746 4172 (deoe
761 4122 782 4159 o
796 4106 827 4160 et
838 4120 852 4159 s
864 4099 950 4159 addit
962 4097 1047 4165 corr.)
1059 4100 1202 4154 emtione
1214 4116 1237 4150 o
1248 4099 1363 4170 arceat
1371 4116 1399 4157 m
1411 4129 1446 4141 —
1455 4106 1506 4159 591
1520 4106 1584 4162 irinc
1593 4122 1623 4164 m

300 4200 343 4257 au
355 4218 377 4252 ω
392 4229 426 4238 -
439 4202 492 4256 593
505 4202 646 4257 tantudem
659 4218 688 4257 m
704 4202 866 4259 tantundem
879 4218 901 4252 to
913 4228 946 4238 -
956 4199 1010 4253 594
1022 4196 1102 4251 binas
1113 4197 1230 4267 opertis
1241 4212 1270 4251 m
1283 4227 1316 4235 -
1330 4200 1382 4254 595
1393 4216 1530 4258 rumorum
1543 4220 1571 4259 ur
1588 4236 1625 4245 —
1805 4251 1806 4272 q

301 4298 353 4353 esc
372 4298 506 4368 epactis
518 4312 547 4352 m
565 4299 701 4369 mete
713 4317 734 4353 o
754 4330 788 4339 -
803 4301 854 4355 am
874 4299 928 4353 ec
946 4296 1001 4351 csso
1013 4310 1043 4350 m
1064 4323 1097 4331 -
1111 4296 1162 4349 see
1183 4295 1296 4364 posco
1311 4296 1449 4364 procem
1461 4316 1491 4355 m
1509 4304 1579 4357 mc
1591 4303 1625 4373 ig
1805 4275 1806 4336 i

299 4400 373 4453 sato
386 4410 437 4453 om
456 4426 489 4433 —
510 4398 561 4452 601
582 4399 717 4453 motio
733 4398 805 4467 lgm
823 4402 962 4453 errantes
979 4409 995 4449 c
1015 4420 1047 4429 -
1068 4394 1120 4448 602
1137 4398 1231 4446 mewa
1247 4390 1386 4462 finesqurl
1405 4425 1439 4433 -
1459 4398 1498 4453 nd
1517 4402 1570 4455 603
1591 4402 1622 4458 in

300 4510 393 4566 marg.
411 4494 528 4564 mlusig
547 4524 579 4533 -
599 4497 652 4550 603
669 4497 755 4553 certic
767 4512 797 4553 m
816 4524 848 4534 -—
867 4495 919 4551 606
938 4486 1007 4547 recu
1022 4505 1052 4545 m
1069 4519 1105 4527 —
1122 4490 1189 4559 post
1201 4489 1251 4543 611
1271 4504 1350 4561 seqq.
1366 4493 1424 4549 ino
1442 4496 1487 4549 scd
1498 4496 1623 4556 dimersa

298 4595 356 4651 ercis
376 4610 419 4651 vs.
434 4594 488 4651 530
502 4608 565 4663 sqq.
594 4624 627 4633 —
653 4595 705 4649 610
723 4612 818 4651 sercin
834 4608 862 4649 m
881 4591 1001 4648 ostreo
1030 4617 1064 4626 -
1092 4590 1144 4643 613
1163 4586 1294 4642 odroerm
1312 4604 1328 4644 c
1354 4618 1388 4628 -
1417 4595 1469 4647 614
1488 4595 1574 4651 adrem
1592 4613 1623 4654 m

298 4726 384 4777 cetum
397 4738 419 4773 or
436 4720 503 4777 coeti
515 4718 560 4774 lm
581 4718 633 4774 ceti
652 4734 687 4789 gc
709 4748 740 4759 -
761 4722 813 4775 616
825 4668 965 4787 imi
981 4714 1094 4784 santicio
1106 4727 1146 4782 gc
1164 4712 1278 4781 mitem
1291 4728 1329 4767 m.
