3642 5259
814 356 901 412 Liber
920 354 969 411 ΙΙΙ.
1007 356 1158 444 665-682.

434 598 475 641 ooo
489 574 636 639 autumni
660 574 802 639 resoluta
824 578 925 659 putot,
948 578 1016 637 tum
1041 572 1166 637 semina
1189 572 1286 637 ducit.

489 687 641 766 quattuor
663 681 744 746 haec
767 687 800 745 ot
821 680 856 745 in
880 687 949 746 arte
972 682 1097 760 ualont3
1121 686 1157 745 ut
1179 686 1327 767 tempora
1349 686 1482 745 uertunt

488 790 535 853 sio
558 789 617 854 hoo
640 794 697 854 aut
718 788 792 854 illos
814 810 924 854 rorum
946 788 1110 853 fluctantia
1134 808 1228 853 casus

488 918 549 961 noc
573 896 746 981 quicquam
769 896 803 961 in
825 897 932 982 prima
954 896 1112 983 patientia
1135 896 1212 961 sodo
1235 916 1377 959 monere.

488 1004 545 1069 uod
567 1025 633 1069 non
656 1025 715 1089 por
737 1009 820 1069 totos
843 1024 950 1089 coquo
973 1010 1022 1069 est
1044 1024 1180 1069 uersum
1202 1004 1334 1089 figuras,

433 1133 474 1177 om
489 1110 598 1176 omniu
620 1132 680 1175 noo
702 1111 806 1197 plenis
829 1112 1005 1177 flectuntur
1027 1117 1175 1198 temporo
1198 1111 1308 1196 signio.

489 1240 554 1283 uno
576 1217 645 1283 dios
668 1218 729 1284 oub
752 1226 890 1303 utroque
914 1225 1033 1303 coquat
1056 1219 1118 1285 sibi
1140 1224 1285 1305 tompore
1312 1223 1449 1291 noctem,

488 1326 565 1390 dum
587 1326 671 1391 libra
693 1332 791 1411 atquo
814 1328 898 1393 aries
923 1334 1114 1393 autumnum
1137 1348 1261 1412 uorquo
1284 1326 1434 1413 figurant.

487 1454 553 1498 una
576 1432 644 1499 dios
667 1438 735 1499 toto
758 1436 867 1499 cunon'
889 1433 1080 1520 longissimo
1103 1436 1206 1521 signo,

442 1592 445 1596 ,
487 1540 539 1604 cui
562 1561 626 1605 nox
649 1541 794 1626 aequalis
817 1542 998 1627 capricorni
1022 1542 1127 1608 sidero
1150 1542 1262 1607 fertur.

432 1670 473 1713 oto
487 1653 595 1713 cetero
618 1668 704 1713 nuuc
726 1654 844 1734 urgent
865 1649 1003 1732 uioibuo,
1027 1670 1112 1715 nuno
1137 1656 1281 1735 tompore
1305 1649 1432 1713 cedunt.

487 1775 553 1819 uno
575 1775 653 1841 orgo
674 1756 709 1821 in
733 1756 865 1842 tropicis
887 1778 963 1843 paro
986 1765 1035 1823 ost
1059 1757 1221 1822 comendo
1243 1756 1366 1841 figuris,

487 1869 725 1946 quaomoueot
747 1864 916 1945 mundum,
940 1886 1024 1949 quac
1046 1886 1155 1931 rorum
1178 1870 1326 1951 tempora
1349 1868 1461 1945 mutet,

485 1968 572 2034 facta
593 1976 704 2052 nouot‚
726 1972 875 2036 consulto
897 1971 978 2037 alios
1002 1972 1141 2037 dectinet
1164 1972 1197 2036 iu
1221 1992 1310 2053 usus,

487 2078 596 2142 omnia
618 2079 651 2142 in
677 2078 850 2144 aduersum
874 2078 983 2143 flectat
1006 2085 1183 2164 contraque
1206 2078 1364 2145 rouoluut.

432 2207 473 2249 om
487 2184 546 2248 hoo
569 2187 701 2270 quidam
724 2186 811 2252 uiros
833 2192 951 2252 octauo
972 2188 1006 2252 in
1029 2193 1121 2274 porto
1144 2194 1320 2274 reponunt3

487 2298 571 2374 sunt,
595 2293 713 2378 quibus
735 2315 807 2359 osso
830 2294 938 2382 placet
960 2277 1117 2375 decimam
1141 2316 1201 2360 noc
1225 2294 1329 2360 defuit
1351 2298 1473 2373 auctor,

487 2398 543 2483 qui
564 2400 689 2486 primae
712 2408 877 2467 momenta
899 2401 993 2467 duret
1013 2403 1188 2488 frenosque
1211 2402 1347 2467 dicrum.

324 2643 373 2676 *m
435 2548 996 2665 oootmlctmgoonmamofflttl
1011 2584 1338 2667 ooc'tgcoocaootm
1357 2625 1390 2635 -
1409 2598 1461 2651 666
1478 2599 1640 2665 quotuorm

325 2692 357 2745 in
375 2690 521 2760 tmporol
538 2698 638 2762 utmg
655 2699 711 2750 cto
730 2723 761 2733 -
783 2693 835 2750 618
854 2713 889 2751 nc
906 2695 1108 2765 cutqoiquoml
1128 2698 1335 2767 nequiquomm
1358 2712 1393 2751 nc
1410 2696 1571 2765 outcoomg
1593 2710 1642 2749 ccc

325 2790 535 2859 quicqucmc—
502 2791 609 2847 -ante
619 2794 671 2847 669
684 2810 753 2862 quoe
759 2794 881 2863 purten
869 2811 900 2849 m
912 2796 1078 2863 quattuor
1051 2796 1138 2865 omnic
1148 2796 1267 2864 tropicae
1275 2795 1331 2851 nint
1341 2792 1371 2863 gl
1381 2792 1422 2860 (iu
1434 2790 1538 2862 marg.)
1548 2806 1594 2848 cm
1604 2820 1639 2831 -

326 2888 375 2942 671
397 2905 453 2957 quo
471 2889 528 2944 dico
539 2903 627 2944 m-
650 2892 703 2946 674
721 2892 770 2961 qui
781 2890 849 2947 lmc
871 2894 955 3004 cuige
972 2893 1137 2963 oomioormo
1153 2906 1182 2947 m
1203 2890 1302 2960 (L)-
1328 2892 1381 2948 615
1404 2894 1523 2962 uryucot
1540 2905 1641 2961 go—

326 3013 378 3066 676
394 3013 533 3082 cernenda
549 3012 560 3069 l
575 3015 717 3084 ocrdoodo
732 3030 816 3070 m-
782 3017 886 3071 -611
906 3016 984 3086 quel
1002 3035 1054 3091 quc
1067 3032 1098 3073 m
1115 3020 1221 3074 mutmt
1238 3016 1336 3071 lm-
1357 3019 1409 3073 618
1428 3020 1536 3072 mcccc
1553 3017 1642 3082 (corr.

327 3124 362 3165 ox
374 3108 516 3177 monacum
533 3116 703 3168 mouentem
719 3129 911 3184 mcum-
894 3117 980 3171 -679
993 3114 1124 3185 ytoctontl
1139 3114 1293 3191 flcctontm
1310 3114 1452 3184 ficetatgc
1474 3112 1640 3181 resoluunt}

325 3208 472 3264 rcowluont
479 3222 508 3263 m
521 3210 648 3265 rcowluot
657 3224 694 3280 gc
705 3242 738 3251 -
748 3213 802 3267 680
810 3214 920 3282 quidem
929 3212 941 3268 l
951 3214 1076 3295 {quidem
1086 3228 1105 3283 g
1117 3214 1231 3283 quidum
1242 3228 1270 3269 m
1282 3216 1421 3283 octouotg
1432 3217 1557 3270 octauam
1564 3226 1594 3267 m
1605 3240 1641 3249 —

327 3306 376 3359 681
392 3306 535 3363 decimano
549 3336 583 3345 -
597 3309 666 3377 post
674 3310 726 3365 662
738 3312 804 3379 sinit
817 3312 884 3366 libor
896 3313 994 3367 tertius
1006 3312 1104 3381 incipit
1116 3316 1262 3381 ouortcog
1279 3312 1357 3382 (unc.
1368 3310 1433 3377 atr.)
1451 3308 1487 3367 u.
1498 3306 1642 3367 numm

326 3400 609 3461 ASTRONOMICON
628 3405 696 3463 LIB.
710 3406 750 3464 111
771 3407 876 3478 explic.
895 3408 1002 3466 INCIP.
1023 3408 1060 3465 IV
1079 3425 1108 3467 m
1128 3408 1197 3481 (ιῖ).
