3642 5259
733 372 820 430 Liber
838 372 858 429 l.
896 390 924 428 v.
944 374 1057 429 26—5s

398 612 532 657 munere
556 591 741 656 caelestum.
789 591 860 675 quis
885 590 971 654 enim
996 589 1209 655 condentibus
1232 589 1296 653 illis

399 698 565 785 clepsisset
587 696 672 762 furto
696 698 865 777 mundum,
889 718 953 781 quo
978 704 1094 761 cuncte
1117 696 1295 781 reguntur?

398 806 471 892 quis
494 805 577 870 foret
600 806 742 870 humano
767 810 902 869 coriatus
925 812 1056 890 pectore
1081 811 1217 885 tuntum,

360 913 511 979 minuitis
534 920 571 977 ut
593 913 643 977 dis
667 919 800 997 cuperet
823 913 903 976 deus
927 913 996 997 ipse
1020 913 1122 977 videri

359 1044 385 1085 m
399 1020 610 1106 sublimisque
633 1020 759 1105 aperire
783 1021 854 1084 uias
878 1020 1044 1106 imumque
1068 1021 1127 1084 sub
1152 1020 1285 1085 orbem?

358 1152 385 1195 eo
399 1136 434 1194 tu
457 1129 607 1215 princeps
631 1135 807 1213 auctorque
831 1129 925 1210 seori,
950 1127 1105 1214 Cyllenie,
1130 1130 1221 1193 tanti.

399 1258 458 1323 per
481 1243 512 1301 te
535 1238 599 1301 ium
624 1237 748 1301 eoelum
774 1236 920 1319 interius,
944 1238 1008 1301 ium
1033 1237 1140 1301 sidera
1163 1244 1239 1301 nota

359 1368 385 1409 es
400 1351 432 1409 et
454 1365 513 1430 per
536 1345 633 1409 inane
656 1346 722 1408 suis
745 1344 894 1429 parentio
916 1343 1036 1409 finibus
1060 1353 1148 1409 estre

401 1453 597 1537 nominaque
621 1460 652 1515 et
676 1472 789 1517 cursus
813 1452 990 1537 signorum,
1014 1453 1170 1537 pondere,
1194 1453 1291 1533 uires,

359 1583 386 1624 es
400 1561 504 1625 maior
526 1560 573 1623 uti
597 1559 698 1624 facies
722 1560 834 1623 mundi
858 1559 943 1624 foret
966 1566 997 1623 et
1020 1561 1208 1625 ueneranda

402 1689 467 1733 non
491 1667 615 1752 speeies
639 1674 764 1731 tuntum
790 1668 844 1731 sed
871 1674 902 1731 et
925 1668 996 1752 ipsa
1019 1668 1164 1753 potentia
1187 1688 1306 1732 rernm.

360 1798 386 1841 m
400 1771 624 1853 sentiremque
649 1772 747 1835 ‹lo-nnn
769 1776 882 1855 pentes
905 1792 1006 1853 quam
1030 1771 1199 1837 mouimus
1223 1778 1315 1838 esset.

361 1890 435 1951 oet
459 1889 574 1947 notura
597 1882 687 1946 dedit
710 1882 796 1945 uires
821 1904 920 1967 seque
945 1882 1015 1968 ipsa
1038 1883 1171 1949 reclusit

403 1990 521 2075 regalis
545 1989 672 2055 animos
694 1990 836 2074 primum
860 1991 993 2074 dignate
1018 2012 1149 2054 monere

403 2098 551 2186 proxime
573 2096 734 2182 tangentis
758 2117 868 2161 rerum
892 2097 1023 2182 fastigia
1047 2098 1147 2180 coelo,

402 2206 457 2291 qui
482 2205 635 2270 domuere
659 2203 744 2269 serus
768 2212 881 2289 gentes
906 2204 1030 2269 oriente
1054 2206 1113 2269 sub
1138 2206 1218 2290 ipso,

405 2334 487 2399 quos
511 2317 599 2377 senet
621 2311 815 2397 Euphrates,
838 2314 871 2376 in
897 2329 979 2397 qnos
1003 2318 1035 2376 et
1057 2311 1150 2376 Nilus
1173 2312 1320 2393 inundat,

362 2442 469 2506 mque
492 2420 632 2485 mundns
655 2420 740 2484 redit
762 2425 794 2483 et
816 2420 928 2505 nigros
952 2440 1050 2505 super
1073 2420 1181 2485 euolat
1203 2420 1310 2485 urbes.

403 2536 472 2593 tum
496 2528 552 2614 qui
575 2528 697 2614 templa
718 2528 818 2593 sacris
842 2528 1013 2593 coluerunt
1035 2549 1131 2593 omne
1154 2548 1213 2614 per
1237 2548 1354 2592 aeuum

403 2636 585 2721 delectique
608 2635 792 2701 sacerdotes
815 2634 848 2700 in
872 2635 1004 2721 publicu
1027 2641 1104 2699 uoto

347 2752 352 2761 '
404 2742 511 2809 officio
535 2744 669 2809 uinxere
693 2744 801 2827 deum,
826 2745 943 2829 quibus
965 2743 1036 2828 ipsa
1059 2745 1199 2829 potentis

404 2852 546 2917 numinis
570 2852 717 2917 eooendit
740 2857 861 2917 eostam
885 2852 1070 2937 praesentia
1092 2858 1246 2929 mentem,

363 2959 502 3044 uiaque
526 2959 622 3025 deum
646 2960 726 3023 deus
749 2960 819 3044 ipss
843 2959 917 3023 tulit
939 2959 1107 3043 potuitque
1131 2958 1296 3023 ministris.

404 3067 438 3132 hi
461 3072 586 3132 tantum
610 3086 744 3131 mouere
767 3066 866 3131 denus
889 3066 1051 3151 primique
1074 3086 1133 3150 per
1156 3073 1260 3131 artem

406 3173 566 3239 sideribus
592 3173 701 3238 uidere
725 3172 818 3257 uagis
842 3171 1018 3258 pendentia
1042 3171 1118 3237 foto.

406 3281 534 3367 singulo
557 3302 633 3346 nom
657 3280 787 3366 proprio
810 3280 981 3364 signarunt
1003 3286 1150 3367 temporo
1173 3302 1251 3347 casu

405 3390 503 3473 louge
526 3410 585 3474 per
608 3388 754 3453 assiduas
779 3389 938 3474 complexi
962 3388 1092 3453 saecule
1116 3410 1220 3467 euros,

265 3514 267 3517 ·
364 3496 559 3562 senescendi
583 3516 667 3581 quae
691 3497 808 3582 ouique
831 3496 911 3576 dies,
937 3518 1021 3581 quae
1043 3497 1112 3561 uite
1135 3497 1261 3578 fuisset,

406 3604 439 3668 in
463 3624 545 3689 quas
568 3603 717 3668 fortunae
741 3604 830 3689 leges
854 3624 1002 3690 quaeque
1025 3604 1106 3668 horn
1130 3605 1264 3684 ualeret,

408 3717 592 3797 quanteque
616 3732 715 3796 quam
738 3712 832 3797 perui
855 3710 1001 3776 lucerent
1024 3712 1211 3777 discrimine
1232 3717 1349 3776 motus.

407 3825 579 3904 postquem
605 3820 709 3884 omnis
734 3820 815 3884 eseli
839 3821 963 3907 speeies
987 3820 1197 3885 redeuntibus
1221 3820 1315 3884 nstris

355 4114 389 4167 no
412 4092 530 4169 mmet
549 4128 569 4183 g
591 4131 708 4169 mewa
726 4112 784 4169 reu
807 4142 839 4151 -
864 4114 898 4168 29
917 4114 1035 4169 immitis
1052 4128 1089 4181 u,
1112 4115 1166 4168 uo
1184 4126 1227 4180 gu
1252 4140 1286 4150 -
1309 4112 1345 4165 no
1362 4110 1470 4165 elme
1488 4124 1505 4165 0
1528 4140 1561 4150 -

248 4212 282 4268 su
301 4196 427 4267 ultimis
444 4210 455 4264 1
477 4212 603 4268 antimo
621 4228 642 4263 ω
666 4229 806 4281 unumque
823 4226 859 4281 u1
889 4240 922 4248 -
951 4212 986 4266 ee
1009 4212 1044 4266 sn
1071 4212 1120 4280 qm·
1141 4228 1194 4265 eu
1216 4210 1349 4280 repom
1370 4226 1420 4278 pe
1442 4212 1563 4279 tenpore

248 4312 355 4381 ooputtn
376 4313 513 4365 notassent
535 4311 659 4366 omnibns
683 4314 708 4366 et
731 4311 830 4365 mundi
852 4311 939 4379 facies
959 4310 1117 4377 coelumque
1133 4326 1292 4379 supremum
1311 4305 1419 4361 desunt
1436 4306 1467 4360 in
1487 4320 1504 4360 o
1528 4335 1561 4343 —

248 4415 285 4468 40
303 4418 329 4468 ot
346 4379 503 4482 serillib&
519 4412 531 4467 l
549 4417 575 4468 et
592 4418 698 4469 natura
710 4428 754 4482 gu
772 4418 957 4482 naturaqueo
977 4442 1010 4450 —
1030 4416 1062 4466 41
1083 4413 1185 4481 repotiis
1198 4426 1217 4465 u
1238 4438 1270 4447 -
1290 4411 1325 4463 42
1344 4412 1484 4479 tanqam
1502 4422 1563 4477 gul

249 4512 386 4583 touqentis
397 4509 471 4581 lcu2
485 4538 517 4549 -·
531 4511 566 4566 43
579 4528 648 4580 quoe
661 4526 676 4565 o
688 4538 720 4548 -
731 4513 766 4565 44
779 4515 852 4565 serat
866 4525 902 4579 u2
918 4510 1021 4565 niluso
1038 4510 1188 4564 inundato
1204 4541 1238 4549 -
1251 4508 1286 4562 45
1298 4505 1515 4577 mperatolotlu
1530 4534 1562 4543 --

248 4609 796 4678 ldtmsoquio-lssiunoeerem
827 4608 1133 4676 -50inquemn1
1163 4634 1195 4643 —-
1224 4602 1562 4675 53m'9nastu2u1(iu

251 4722 342 4777 marg.
362 4706 455 4773 eumq.
