3642 5259
1575 294 1640 366 VII

328 514 480 583 TERTII
507 538 539 602 g,
572 515 662 580 nulla
688 536 712 579 s.
742 516 776 580 in
805 514 831 595 l;
864 513 973 580 tertio:
1006 515 1049 580 M.
1076 511 1248 579 MILNILI
1285 513 1638 581 ASTRONOMICON

327 622 411 689 LIB.
428 620 481 688 ΠΙ
502 620 675 687 EXPLIC.
699 619 830 687 INCIP.
847 621 927 687 IIII.
948 644 990 686 m.
1008 644 1044 709 ιι,
1067 620 1111 686 Μ.
1131 619 1308 686 MANILII
1327 620 1577 689 -TERTIVS
1594 660 1637 669 —

327 730 524 797 EIVSDEM
563 728 770 803 QVARTUS
812 751 850 816 ιι,
895 729 1018 795 FlNlT
1060 728 1196 794 LIBER
1236 727 1427 794 TERTIVS
1470 728 1638 795 INCIPIT

329 836 537 910 QVARTVS
560 859 603 923 g,
633 838 723 903 nulla
753 860 778 902 s.
809 839 842 902 in
872 838 893 901 l.
936 871 976 883 -
1012 843 1141 923 quarto:
1180 834 1401 902 EXPLICIT.
1433 836 1568 903 LIBER
1594 837 1637 902 II.

327 942 504 1009 INCIPIT.
528 944 664 1009 LIBER
679 943 730 1011 III
752 966 783 1009 m
804 966 841 1031 ιι,
864 944 907 1009 M.
932 943 1107 1009 MANILII
1130 941 1479 1009 ASTRONOMICON
1502 944 1638 1009 LIBER

327 1050 538 1119 EXPLICIT
565 1051 773 1125 QUARTVS
802 1051 971 1118 INCIPIT
998 1049 1196 1117 EIVSDEM
1223 1050 1415 1124 QUINTVS
1444 1072 1482 1138 ιι,
1515 1051 1637 1117 FINIT

326 1168 462 1233 LIBER
489 1120 557 1233 IIII
595 1166 818 1241 SEQUITVR
854 1167 1047 1240 QVINTVS
1080 1189 1112 1252 g,
1144 1166 1235 1232 nulla
1266 1189 1291 1232 s
1325 1168 1358 1231 in
1386 1167 1473 1231 l-
1505 1162 1637 1248 quinto:

328 1273 441 1341 Τελωσ
465 1298 497 1341 ιιι
530 1274 647 1341 FINIS
671 1298 707 1363 ιι,
744 1276 777 1340 M
804 1274 980 1343 MANILII
1014 1273 1360 1342 ASTRONOMICON
1392 1274 1528 1340 LIBER
1560 1275 1636 1340 EX-

326 1380 473 1449 PLICIT
494 1382 687 1456 QVINTVS
709 1382 765 1449 ET
785 1381 980 1449 VL'I'IMVS
1003 1382 1274 1448 EOELICITER
1295 1380 1504 1447 EXPLICIT
1521 1405 1552 1470 ιι,
1580 1402 1636 1445 ex·

325 1487 421 1571 pliec't
441 1487 523 1553 liber
541 1486 680 1571 quintus
696 1514 717 1575 g
739 1488 841 1572 (man.
860 1489 907 1573 2),
932 1491 1023 1556 nulla
1037 1509 1063 1553 s.
1080 1491 1115 1556 in
1131 1491 1151 1555 l.
1175 1525 1217 1536 -
1235 1489 1335 1555 Uides
1349 1511 1387 1575 ιι,
1410 1490 1508 1555 etiam
1528 1497 1636 1556 errata

326 1596 525 1663 Matritensis
537 1598 601 1663 fide
614 1604 770 1685 repetere,
789 1620 821 1685 ιι,
836 1599 1010 1682 corrigere,
1027 1598 1113 1663 unde
1126 1597 1292 1671 conicitur,
1309 1596 1455 1663 Marcum
1467 1597 1636 1662 Manilium

325 1706 358 1771 in
380 1706 652 1791 superscriptione
669 1705 866 1770 Matritensis
882 1706 1085 1770 nominatum
1105 1704 1215 1785 luisse,
1237 1704 1335 1789 idque
1356 1724 1474 1769 nomen
1490 1704 1524 1769 in
1540 1704 1637 1770 Italia

325 1812 390 1877 iam
407 1812 482 1877 inde
495 1833 514 1878 a
525 1812 675 1877 Cerberti
688 1818 794 1878 aetate
807 1818 997 1899 usurpatum
1011 1834 1092 1877 esse.
1106 1848 1149 1857 —
1159 1812 1191 1876 N
1192 1833 1229 1876 ec
1240 1812 1394 1877 lemmata
1409 1813 1479 1876 siue
1494 1812 1637 1899 capitula
1771 1808 1773 1815 ’

324 1920 352 1983 is
376 1920 519 2005 negliget
541 1921 598 2006 qui
620 1920 662 1985 de
685 1920 851 1985 adfinitate
875 1921 1023 1984 codicum
1038 1921 1123 1985 inter
1139 1942 1174 1985 se
1189 1920 1332 1984 indicere
1348 1920 1445 1984 uolet.
1485 1919 1523 1984 Iu
1544 1919 1635 1985 libris

325 2026 563 2108 tiemblaoensi,
580 2025 720 2107 Cusano,
741 2026 922 2111 Matritensi
937 2028 1093 2093 lemmata
1108 2028 1243 2113 antique
1258 2047 1279 2091 a
1292 2028 1399 2112 prima
1418 2047 1518 2091 mauu
1534 2028 1635 2092 textui

323 2133 439 2198 litteris
467 2134 647 2201 uncialibus
674 2135 830 2221 inscripta
860 2140 947 2216 sunt,
975 2136 1126 2221 idemque
1148 2135 1183 2200 in
1211 2134 1316 2220 primo
1340 2133 1519 2219 Lipsiensis
1542 2135 1635 2215 libro,

311 2240 381 2305 ¹sed
413 2241 528 2306 litteris
564 2241 753 2305 minusculis
789 2242 860 2307 rub.
892 2241 1026 2307 lactum.
1093 2242 1132 2307 In
1164 2240 1375 2326 sequentibus
1405 2240 1496 2306 libris
1530 2242 1636 2327 spatia

323 2348 473 2434 capitulis
495 2348 710 2413 inscribendis
734 2370 839 2414 uacua
861 2350 984 2432 relicta,
1008 2351 1081 2436 ipse
1101 2348 1244 2435 capitula
1268 2370 1287 2413 a
1310 2370 1409 2413 manu
1433 2334 1463 2413 2.
1494 2349 1635 2435 margini

324 2454 487 2541 adscripta
510 2462 593 2521 sunt
642 2456 705 2521 Sed
728 2455 815 2521 idem
842 2456 1022 2542 Lipsiensis
1048 2457 1082 2521 in
1105 2456 1171 2520 fine
1197 2455 1273 2520 libri
1295 2456 1392 2542 primi
1414 2456 1524 2521 omnia
1545 2457 1633 2541 capi-

323 2561 401 2644 tula,
430 2584 514 2647 quae
543 2563 585 2627 ed
607 2563 725 2627 librum
749 2564 928 2628 secundnm
955 2563 1127 2649 pertinent,
1156 2564 1310 2628 continua
1338 2563 1421 2626 serie
1449 2563 1634 2647 quindecim

189 2659 191 2663 ’
322 2670 428 2751 lineis,
443 2670 559 2735 litteris
575 2670 773 2751 minusculis,
791 2672 919 2736 omissis
935 2671 1113 2737 initialibus
1132 2670 1273 2751 exhibet,
1289 2690 1428 2756 eumque
1443 2670 1501 2734 sed
1517 2669 1635 2735 additis

322 2776 501 2842 initialibus
525 2784 705 2863 sequuntur
732 2799 758 2861 c,
782 2800 826 2858 m,
850 2800 897 2865 u„
921 2800 969 2865 u„
993 2779 1076 2844 adeo
1103 2786 1141 2843 ut
1166 2778 1376 2843 uetustiorem
1404 2778 1549 2843 codicem
1577 2778 1635 2842 de-

322 2884 489 2970 scripsisse
513 2885 695 2950 uideantur.
742 2886 793 2951 Ite
815 2885 939 2951 lactum
962 2892 1022 2967 est,
1046 2896 1082 2951 ut
1105 2906 1179 2951 oum
1206 2885 1385 2971 Lipsiensis
1407 2892 1480 2972 post
1502 2907 1633 2950 uersum

322 2973 387 3057 902'
408 2992 463 3057 lib.
481 2990 515 3056 II
539 2992 679 3078 spatium
702 2993 799 3058 unius
822 2994 928 3059 lineae
951 2994 1145 3081 reliquisset,
1171 2994 1229 3058 ubi
1252 2993 1393 3079 capitulo
1421 3014 1473 3058 res
1501 2994 1634 3058 minime

321 3098 498 3185 indigebat,
523 3121 565 3182 m,
588 3122 622 3187 ιι,
650 3122 686 3187 ιι,
709 3122 745 3187 ι’,
773 3122 905 3167 uersum
934 3101 1138 3167 dimidiatum
1168 3122 1341 3167 erroneum
1366 3100 1456 3165 PER
1483 3100 1633 3167 TANTA

321 3206 546 3273 PERICULA
575 3208 742 3274 MORTIS
773 3231 858 3275 nexu
889 3218 1056 3276 carentem
1081 3209 1244 3275 lemmatis
1275 3210 1379 3273 Instar
1408 3208 1632 3273 inscriberent.

322 3313 360 3380 In
393 3317 498 3402 primo
532 3316 615 3381 libro
650 3323 726 3381 unte
758 3318 833 3397 561,
872 3318 926 3382 nbi
960 3318 1039 3383 lolia
1071 3318 1229 3383 nonnulla
1265 3317 1373 3381 locum
1413 3323 1633 3399 mutauerunt,

321 3422 442 3489 lemma
464 3423 618 3489 exhibent
640 3445 672 3491 ιιι
696 3445 729 3510 ιι,
757 3444 806 3510 ιι,;
831 3420 885 3486 De
906 3421 1042 3488 circulis
1058 3422 1231 3488 celestibus
1247 3422 1286 3487 dc
1303 3420 1436 3504 colaris,
1460 3424 1471 3487 l
1494 3425 1528 3489 in
1544 3430 1632 3489 textu

226 3551 227 3554 ¹
322 3525 375 3591 De
408 3526 541 3611 coluris,
574 3530 660 3595 idem
693 3530 727 3596 in
760 3532 908 3617 margine
931 3556 953 3618 g
978 3553 1005 3597 c.
1061 3532 1126 3604 Qui
1153 3533 1218 3597 iam
1251 3530 1292 3593 dc
1319 3527 1442 3595 coluris
1469 3531 1632 3617 agendum

320 3638 465 3723 putabat,
488 3638 702 3723 interpolator
725 3640 848 3724 prImus
870 3640 903 3704 in
927 3640 1009 3725 lgo
1032 3662 1164 3705 uersum
1192 3639 1334 3705 excussit
1360 3639 1461 3703 huno:
1480 3639 1634 3718 perurant

322 3740 529 3825 artophilaea
540 3746 658 3825 petens
669 3764 733 3826 per
750 3747 843 3827 terpo
862 3743 1028 3828 draconis,
1049 3748 1101 3811 cni
1118 3747 1329 3833 interpolator
1349 3746 1511 3811 secundus
1531 3745 1579 3828 (m
1595 3768 1631 3831 nl

322 3850 373 3937 ιι,)
408 3852 546 3917 addidit:
585 3849 692 3935 taopit
725 3855 757 3915 et
794 3850 946 3936 oripiaen
982 3851 1153 3917 obelorum
1188 3873 1321 3917 summa
1356 3850 1478 3936 repidit
1508 3870 1632 3933 sesque

320 3955 409 4040 fiapit
435 3956 559 4023 solidas
584 3957 645 4022 ccli
667 3956 791 4023 uertice
815 3962 942 4042 portes.
983 3962 1142 4027 Similiter
1169 3968 1311 4027 erratum
1337 3968 1387 4026 est
1408 3959 1545 4026 111160.
1581 3958 1633 4024 Ibi

220 4086 222 4091 ’
321 4066 459 4149 spatium
477 4067 574 4131 unius
589 4067 694 4133 lineae
710 4068 854 4134 lemmati
871 4068 1079 4136 inscribendo
1096 4070 1128 4133 in
1144 4070 1165 4133 l.
1182 4069 1331 4135 relictum
1354 4069 1400 4133 ita
1420 4068 1634 4154 expleuerunt

321 4193 353 4237 m
377 4194 410 4259 u1
428 4194 465 4259 ιι,
481 4196 527 4260 v„
545 4181 581 4239 nt
595 4196 709 4240 uersus
725 4176 828 4241 instar
843 4176 960 4242 litteris
976 4176 1166 4241 minusculis
1186 4177 1416 4241 inscriberent:
1444 4172 1631 4257 ,Quomodo

321 4276 364 4342 od
392 4297 473 4361 aper
500 4277 598 4364 ripae
626 4280 665 4344 de
692 4279 828 4346 sonibus
853 4281 993 4361 ommri,·
1025 4280 1086 4366 (ud
1110 4284 1186 4363 apct
1207 4281 1273 4369 ν,);
1306 4283 1451 4347 additum
1481 4281 1633 4367 signum„

320 4386 354 4457 in
377 4408 409 4451 m
438 4388 532 4453 docet
558 4390 678 4454 lemma
705 4389 781 4455 olim
810 4390 925 4456 luisse:
960 4378 1067 4468 Quoria
1090 4388 1182 4453 atleta
1196 4408 1261 4469 per
1280 4386 1379 4471 sipon
1399 4385 1630 4451 describantur

320 4491 362 4578 (c.
388 4495 453 4559 etl
477 4496 510 4560 in
535 4496 664 4583 marg.).
