3642 5259
734 390 822 449 Liber
839 390 860 447 Ι.
898 391 1050 449 nne-anet.

397 610 499 675 altera
522 598 558 659 Ui
581 609 713 675 alteriue
737 610 823 673 uiree
846 608 1010 695 faciatque
1032 609 1191 693 feretque,

397 737 587 802 summeque
609 738 670 803 per
692 718 801 782 uariae
822 721 956 782 maneat
978 722 1116 802 eegnetu
1138 716 1270 802 figures.

342 850 382 891 255
449 846 535 889 nune
559 825 618 891 tibi
641 826 809 911 signorum
832 824 970 889 lucentio
992 824 1137 909 undique
1159 824 1308 889 flammae

397 931 565 997 ordinibus
588 932 684 997 certis
707 932 859 1013 reserem,
883 932 1090 1017 primumque
1114 936 1272 996 cenentur

397 1060 481 1125 quae
501 1039 610 1105 medin
635 1038 766 1124 obliquo
790 1040 1007 1125 praecingunt
1029 1038 1142 1103 ordine
1165 1039 1322 1103 mundum

397 1147 563 1232 solemque
586 1146 720 1212 alternis
743 1147 870 1211 uicibus
893 1168 952 1233 per
974 1153 1123 1231 tempora
1146 1151 1277 1232 portent

397 1260 494 1339 atque
518 1253 583 1317 eliu
606 1252 744 1319 aduerso
767 1253 926 1318 luctantia
948 1253 1056 1319 sideru
1078 1252 1214 1332 muud03

342 1383 383 1425 neu
397 1362 516 1442 omnia,
541 1382 625 1446 quae
648 1362 753 1447 poesie
777 1362 866 1426 eaelo
889 1380 1063 1426 numerere
1086 1381 1217 1440 eeren03

397 1490 415 1533 e
439 1469 556 1554 quibus
579 1474 612 1533 et
634 1470 717 1534 ratio
741 1468 882 1534 fatorum
908 1470 1036 1534 ducitur
1058 1468 1174 1549 omnin,

331 1588 335 1595 ·
397 1581 433 1640 ut
456 1575 607 1641 nitidem
629 1576 745 1641 mundi
768 1576 909 1663 primum
933 1576 1020 1661 quod
1043 1575 1188 1641 eontinet
1211 1596 1328 1640 arcem.

395 1689 510 1748 aurato
534 1684 686 1771 princepe
709 1684 794 1749 e'riee
817 1684 850 1747 in
873 1684 995 1748 uellere
1018 1684 1148 1768 fulgens

384 1791 528 1875 ¹respicit
551 1791 716 1856 admirans
740 1811 892 1855 euersum
916 1812 1050 1877 surgere
1073 1797 1203 1855 taurum

312 1946 315 1952 -
343 1920 383 1963 ne
397 1898 568 1963 summisso
593 1898 685 1963 uultu
709 1898 856 1983 geminos
880 1904 914 1961 et
935 1897 1042 1962 fronte
1065 1904 1247 1963 uocantem.

397 2025 478 2091 quoe
501 2006 648 2091 sequitur
671 2026 797 2087 cancer,
823 2025 974 2071 cenerum
999 2005 1060 2082 leo,
1085 2006 1178 2091 uirgo
1201 2005 1339 2069 leonem.

395 2118 534 2198 aequato
558 2118 627 2177 tum
650 2113 734 2178 libra
757 2113 810 2177 die
834 2133 907 2177 eum
931 2120 1077 2198 tempore
1100 2114 1204 2178 noetie

397 2220 532 2286 attrahit
554 2221 681 2286 ardenti
704 2221 884 2305 fulgentem
908 2220 1060 2306 seni-pion
1082 2226 1180 2285 eetro.

398 2328 430 2393 in
455 2330 546 2393 cuiue
570 2329 708 2394 eundem
733 2335 883 2395 contento
908 2329 1019 2414 dirigit
1041 2349 1120 2393 areu

343 2458 384 2501 nu
396 2436 516 2501 mixtus
540 2458 623 2522 equo
647 2438 814 2502 uolucrem
837 2437 995 2502 missurus
1019 2437 1149 2522 iamque
1172 2437 1333 2521 sagittam.

397 2549 466 2609 tum
490 2546 580 2609 uenit
603 2552 741 2630 angusto
765 2546 974 2630 capricornus
997 2544 1103 2608 sidere
1119 2544 1244 2623 :flexus3

396 2658 470 2738 poet
492 2651 579 2717 hune
601 2652 721 2717 inflexa
745 2650 893 2717 defundit
916 2652 1070 2737 aquarius
1093 2672 1177 2717 urne

395 2761 538 2845 piscibus
562 2766 708 2825 assuetus
731 2759 828 2824 auide
851 2758 1066 2825 subeuntibus
1089 2759 1204 2840 undae,

397 2888 477 2953 quoe
501 2868 585 2933 eries
608 2868 712 2952 tangit
735 2867 916 2932 eleudentie
938 2866 1054 2931 ultima
1076 2867 1179 2952 signe.

343 3016 383 3059 ue
451 2998 484 3058 at
508 3014 573 3078 qua
596 2992 750 3079 fulgentis
774 2993 901 3057 eaelum
925 2993 1093 3077 consurgit
1113 2992 1155 3057 ed
1180 2998 1297 3074 arctoe,

397 3102 506 3166 omnin
530 3122 613 3187 quae
636 3122 763 3166 summo
788 3102 977 3186 deepeetent
1000 3100 1107 3165 sideru
1129 3100 1251 3166 mundo

396 3224 457 3274 nee
481 3216 599 3273 norunt
622 3210 728 3274 obitus
753 3230 882 3295 unoque
905 3209 939 3273 in
963 3208 1086 3274 uertice
1109 3208 1255 3273 tendunt.

397 3316 429 3380 in
454 3316 584 3381 diuersa
607 3316 671 3382 eitu
695 3316 886 3402 caelumque
909 3322 942 3380 et
964 3314 1073 3381 eidere
1095 3321 1250 3401 torquens

397 3444 474 3489 aere
497 3444 555 3509 per
578 3423 721 3508 gelidum
746 3423 851 3487 tenuis
875 3423 1047 3488 deducitur
1069 3423 1139 3487 exie

343 3553 384 3597 uno
397 3530 616 3616 libretumque
639 3532 723 3616 regit
746 3531 876 3596 diuerso
900 3531 1033 3595 cardine
1057 3530 1249 3611 muudum,‘

397 3638 542 3703 sidereus
567 3640 652 3703 circe
675 3639 818 3704 medium
843 3659 940 3723 quem
964 3638 1107 3703 uoluitur
1130 3638 1217 3703 orbis

398 3746 624 3831 aetheriosque
647 3752 733 3811 rotet
756 3728 884 3827 eureue3
907 3746 1051 3811 inmotus
1073 3753 1107 3810 ut
1129 3745 1184 3810 iile

397 3854 431 3917 iu
455 3853 548 3918 binae
571 3860 677 3919 arctoe
699 3854 812 3939 magui
834 3874 893 3939 per
916 3854 1028 3919 ineuia
1050 3853 1164 3919 mundi

344 4129 397 4184 253
413 4128 486 4185 alter
497 4134 560 4184 uto
577 4159 612 4166 —
630 4130 682 4184 255
702 4130 845 4183 lucentieo
864 4156 896 4166 -
910 4129 980 4183 aute
997 4142 1041 4182 vs.
1055 4128 1107 4182 263
1120 4129 1166 4183 De
1177 4129 1247 4184 XII
1254 4130 1342 4199 tion&
1357 4130 1404 4186 De
1414 4130 1510 4186 Ariete
1521 4130 1554 4186 lc

234 4230 323 4299 eiynie
332 4211 426 4297 elide
435 4228 661 4283 arietem-264
671 4240 835 4283 aweumm
845 4228 1274 4282 addemme-temonem
1284 4226 1314 4293 (n
1322 4242 1466 4284 exutorr.
1476 4227 1553 4296 L.)m

235 4329 377 4382 uocantem
394 4324 430 4395 lg
454 4328 593 4381 tutantem
613 4340 669 4394 οη
698 4352 730 4362 -
759 4326 811 4379 272
837 4324 943 4393 instem
963 4343 1038 4380 urna
1055 4339 1084 4379 m
1108 4325 1212 4394 tulleta
1232 4330 1307 4381 eumd
1324 4342 1346 4378 n
1373 4328 1503 4397 defundit
1524 4342 1553 4383 m

236 4426 372 4494 difftmdit
384 4441 406 4475 ω
420 4450 453 4461 -·
472 4424 525 4478 273
538 4424 666 4479 adnectat
678 4422 723 4478 lm
736 4424 788 4477 274
801 4424 955 4479 claudentis
967 4438 987 4497 g
999 4424 1133 4478 ciudmttt
1147 4440 1169 4475 u
1183 4424 1213 4479 iu
1227 4424 1360 4493 margine
1372 4426 1419 4481 De
1430 4442 1483 4480 axe
1493 4424 1505 4479 i
1517 4459 1553 4466 —

235 4522 290 4578 275
313 4524 392 4592 atqui
407 4520 466 4591 lgc
489 4526 570 4591 atqtoe
586 4536 616 4577 m
638 4522 806 4592 fulyeniito
833 4523 921 4577 celum
939 4536 967 4576 m
986 4520 1031 4589 (L)
1055 4521 1161 4576 caelen
1187 4524 1359 4593 eomyito
1382 4551 1416 4560 -
1434 4523 1485 4576 276
1509 4524 1553 4577 de·
1605 4595 1607 4598 Ι

235 4624 388 4693 spectante
407 4618 593 4689 mundulgm
612 4620 760 4676 coeloe-—
776 4621 827 4675 277
841 4622 989 4689 imoquem
1003 4618 1051 4686 (E)
1071 4622 1210 4675 memo
1229 4621 1329 4675 -278
1346 4623 1501 4689 torquente
1519 4646 1552 4659 -

235 4718 291 4775 280
311 4717 497 4787 liberatumqi
516 4746 548 4755 -
569 4716 621 4774 282
640 4718 825 4787 aetherioeque
837 4732 867 4773 m
886 4715 1121 4785 attumulg
1138 4721 1168 4772 at
1187 4730 1222 4773 ex
1240 4721 1290 4787 ayt
1308 4730 1380 4772 corr.
1394 4731 1431 4771 m.
