3642 5259
813 365 898 423 liber
916 364 968 421 lll.
1005 366 1138 421 01-110,

478 593 514 651 ut
536 588 667 671 asperet
690 584 839 669 geniture
863 604 982 650 nouem
1006 602 1064 668 per
1087 568 1194 647 sidere
1215 579 1356 647 formem

478 715 538 758 nee
563 699 670 757 tumen
694 693 816 757 incerto
840 689 1055 757 confunderet
1077 689 1186 755 omniu
1204 680 1309 753 motu.

479 800 535 865 sed
559 822 631 865 eum
655 821 731 885 pers
755 819 901 884 operum,
925 819 1009 882 quae
1032 797 1138 882 prime
1161 796 1291 861 condite
1314 804 1400 861 sorte
1423 805 1482 879 est,

479 908 604 995 aceepit
625 908 790 994 propriam
813 906 976 973 noscentis
998 912 1145 991 tempore
1167 904 1289 986 sedem,

438 1038 464 1082 es
479 1021 586 1081 cetere
609 1016 786 1081 succedunt
807 1014 973 1100 signisque
996 1013 1205 1099 sequentibus
1227 1012 1371 1077 haerent.

477 1124 556 1189 ordo
580 1123 695 1191 ducem
719 1124 876 1210 sequitur,
899 1122 1002 1187 donee
1026 1121 1118 1186 uenil
1141 1120 1228 1186 orbis
1251 1120 1286 1185 in
1309 1121 1430 1185 orbem.

477 1232 537 1296 has
557 1237 667 1297 entem
689 1230 789 1297 iacies
812 1250 921 1295 rerum
945 1251 1004 1314 per
1025 1228 1120 1313 signa
1142 1228 1275 1308 locatas,

477 1341 511 1405 in
535 1340 651 1426 quibus
675 1340 780 1403 omnis
803 1338 865 1403 erit
886 1338 1038 1403 fortunae
1060 1336 1191 1402 condito
1213 1356 1350 1417 summe,

368 1526 370 1531 ,
478 1453 653 1533 utcumque
677 1452 734 1511 eut
756 1445 868 1511 stelles
892 1452 1016 1532 septem
1038 1442 1215 1509 laeduntue
1237 1443 1404 1525 iuuentus,

437 1578 465 1619 eo
479 1554 706 1621 cardinibusue
729 1558 840 1618 mouet
862 1550 1143 1636 diuins'potentiu
1165 1550 1288 1632 mundi,

478 1663 523 1727 sie
546 1662 625 1727 felix
648 1666 704 1727 eut
726 1661 817 1725 triste
841 1660 931 1725 uenit
952 1680 1012 1746 per
1035 1658 1164 1744 singule
1186 1657 1299 1724 fetum.

478 1766 556 1832 lulis
580 1771 611 1831 el
633 1764 728 1831 illiue
750 1785 822 1831 sore
846 1770 894 1831 eet
917 1765 1087 1848 operanda
1108 1762 1227 1847 nepoti.

477 1878 558 1943 haee
581 1877 660 1943 mihi
683 1876 833 1941 sollemni
855 1881 931 1941 eunt
955 1875 1067 1940 ordine
1090 1881 1208 1939 ennete
1231 1875 1378 1940 canende

478 1990 510 2049 et
533 1985 634 2050 titulis
656 1984 816 2070 signanda
838 1984 905 2051 suis
929 2004 1103 2070 rerumque
1125 1982 1249 2069 figuris,

437 2114 464 2158 so
478 2098 514 2156 ul
535 2097 645 2178 pateat
667 2092 813 2177 positure
837 2112 971 2176 operum
996 2110 1179 2175 nomenque
1201 2110 1379 2175 genusque.

530 2200 681 2265 fortunae
704 2221 773 2265 sors
797 2200 902 2285 prima
925 2198 1001 2263 dele
1024 2203 1081 2263 est.
1128 2199 1190 2263 heo
1211 2198 1269 2262 ille
1290 2218 1349 2283 per
1372 2204 1474 2264 erlem

477 2312 627 2373 censetur
650 2306 754 2388 tilulo,
778 2306 855 2391 quie
877 2306 1025 2392 proximu
1048 2305 1191 2370 eontinet
1214 2306 1248 2369 in
1271 2326 1306 2371 se

478 2414 690 2479 fundamento
713 2414 827 2479 domus
851 2414 1047 2499 dominoque
1070 2413 1239 2477 haerentia
1261 2420 1367 2495 ceute,

477 2523 532 2608 qui
556 2522 671 2588 modus
695 2522 729 2587 in
752 2524 866 2605 seruis,
890 2523 946 2607 qui
970 2522 1011 2586 sil
1035 2541 1205 2587 concessus
1227 2520 1262 2585 in
1286 2522 1383 2603 aruis,

425 2651 641 2715 nequamque
665 2630 777 2695 datum
801 2650 937 2715 magnes
960 2650 1093 2715 operum
1118 2650 1311 2715 componere
1335 2630 1446 2711 moles,

478 2745 514 2802 nt
536 2760 622 2823 uage
644 2737 798 2823 fulgentis
823 2738 1020 2803 eoneordent
1043 2737 1150 2802 sidere
1174 2736 1265 2801 eseli.

477 2846 647 2931 posthinc
671 2846 806 2910 militiae
830 2846 919 2909 loeus
943 2853 1000 2924 est,
1024 2867 1088 2930 qua
1112 2845 1264 2929 quiequid
1287 2846 1321 2909 in
1346 2846 1444 2910 armis

479 2954 629 3040 quodque
653 2954 842 3037 peregrines
866 2954 950 3027 inter
973 2951 1177 3017 uersentibus
1201 2952 1297 3015 urbes
1372 2939 1375 2943 ⁵

478 3061 625 3125 eeeidere
650 3059 802 3139 essueuil,
826 3060 918 3125 titulo
942 3059 1183 3145 comprenditur
1206 3079 1280 3124 uno.

426 3190 464 3232 roe
479 3169 574 3231 lertio
597 3167 637 3231 ad
662 3166 803 3231 urbanos
825 3168 920 3231 statio
944 3174 994 3231 est
1016 3165 1218 3231 numeranda
1240 3165 1377 3230 labores.

478 3274 540 3338 hoc
564 3294 692 3360 quoqne
716 3274 850 3339 militiae
873 3296 976 3359 genus
999 3280 1048 3337 est
1072 3273 1220 3338 ciuilibus
1243 3274 1323 3337 setis

478 3382 690 3467 compositum
715 3382 854 3468 fideique
878 3389 966 3447 leuet
990 3382 1136 3467 parentia
1159 3380 1278 3461 uinele,

478 3490 598 3555 format
620 3490 779 3555 emieilias
802 3496 834 3554 et
857 3511 954 3575 saepe
977 3489 1125 3555 cadentia
1149 3488 1269 3553 frustra

479 3597 596 3678 officie,
621 3604 654 3662 et
675 3598 778 3663 uultus
803 3599 992 3684 contingant
1015 3597 1162 3682 praemio
1185 3602 1315 3680 quante,

426 3728 465 3771 110
480 3704 607 3785 edoeet;
632 3706 786 3791 appositis
809 3728 881 3769 eum
905 3706 1045 3770 mundus
1068 3713 1225 3769 consonet
1248 3704 1351 3767 ostris.

480 3812 671 3877 iudiciorum
695 3835 775 3899 opus
799 3816 831 3878 in
856 3822 971 3899 quarto
994 3820 1113 3879 nature
1135 3812 1256 3875 loeauil

478 3919 706 4007 fortunamque
729 3922 806 4001 iori3
830 3922 1020 3986 fundentem
1046 3920 1146 3984 uerba
1169 3924 1342 4004 patronum

381 4178 390 4197 ι
426 4063 1633 4167 sesillililmodum-eeparteeulgcareoetm-eeesoeso-euuaso

318 4205 367 4255 aut
380 4214 408 4255 m
426 4198 551 4254 looalase
576 4226 608 4235 -
633 4197 668 4253 88
684 4197 844 4265 fortunaeg
865 4196 981 4264 fortuna
1000 4200 1059 4250 eto
1084 4224 1116 4233 -·
1141 4197 1175 4250 89
1194 4197 1227 4249 ut
1248 4211 1308 4249 cum
1328 4194 1418 4249 stellae
1436 4192 1486 4249 Vll
1500 4193 1531 4249 le
1549 4198 1583 4249 ul
1597 4196 1635 4263 fit

319 4291 1632 4367 cumgoeanuem-eomosoentlgcmouetm—eewiosoneqom-eosasesdam-

253 4406 255 4412 “
320 4390 1633 4465 eedomimqmomutae-eeqissithuiseitgcquisitmcosceomc-mequom-

319 4508 443 4563 queo-
462 4496 508 4549 101
527 4487 1633 4571 fuumesg-loequaequeglcnequem-lmaoeqoeeoadsumitlo

319 4591 548 4663 eomprehendam
566 4604 594 4645 m
619 4618 652 4626 —
679 4590 729 4643 105
753 4592 793 4645 eet
810 4601 865 4643 om.
883 4602 914 4643 m
938 4614 970 4625 -
998 4589 1047 4642 106
1068 4586 1126 4641 Hos
1147 4604 1197 4656 que
1215 4601 1243 4639 m
1264 4614 1296 4623 —-
1319 4589 1370 4643 110
1388 4586 1518 4655 adpositu
1533 4586 1566 4641 le
1583 4587 1633 4643 aa·

314 4692 424 4761 pereites
435 4704 464 4744 m
481 4688 643 4759 oppositieg
664 4716 696 4725 --
718 4687 766 4741 110
783 4686 974 4753 fortunaeque
986 4699 1005 4753 g
1020 4686 1188 4755 fortunaque
1201 4699 1222 4735 o
1243 4683 1381 4753 sedentem
1394 4699 1423 4739 m
1440 4683 1591 4754 fulcientem
1604 4699 1630 4741 e
