3642 5259
765 362 849 419 Liber
870 364 890 419 1.
931 365 1078 420 las-219.

425 583 458 643 et
479 583 595 643 natura
619 577 688 642 uias
712 584 829 659 seruet,
854 600 935 665 ques
959 580 1081 646 fecerat
1103 582 1184 667 ipsa,

423 706 483 751 nee
504 685 651 751 tiroeinio
676 692 788 771 peccet
811 686 998 773 circumque
1021 688 1145 754 seratur

371 816 411 860 roo
425 800 557 858 aeterna
581 814 655 858 curn
677 794 750 858 luae
773 794 854 876 dies,
879 796 965 879 quod
989 802 1136 882 tempora
1159 804 1341 865 monstrant

423 924 509 967 nune
533 902 583 966 his
607 922 692 967 nune
715 902 780 967 illis
804 903 918 968 eadem
942 905 1129 989 regionibus
1152 906 1250 986 orbis,

423 1030 551 1095 semper
573 1015 606 1074 et
628 1009 761 1074 ulterior
785 1010 979 1076 undantibus
1003 1019 1092 1079 ortus
1115 1014 1157 1079 ad
1181 1021 1281 1095 ortus,

424 1138 617 1182 oeeasumue
640 1116 761 1181 obitus:
787 1117 913 1183 caelum
936 1140 1009 1184 eum
1033 1119 1101 1185 sole
1123 1127 1290 1207 perennat.

477 1264 536 1309 nee
561 1264 638 1308 uero
663 1243 854 1309 admiranda
876 1245 934 1309 tibi
958 1251 1074 1311 natura
1097 1247 1202 1312 uideri

370 1351 593 1437 respondentis
617 1356 722 1415 terrae
746 1350 852 1432 debet,
877 1374 951 1416 oum
973 1354 1115 1439 pendeat
1137 1355 1206 1441 ipse

423 1458 562 1523 mundus
586 1465 618 1523 et
641 1460 675 1523 in
698 1458 786 1523 nullo
811 1467 910 1545 ponat
934 1461 1072 1546 uestigia
1094 1461 1204 1535 fundo,

421 1566 508 1653 quod
532 1572 622 1652 patet
644 1588 684 1630 ex
706 1568 776 1652 ipso
800 1573 891 1632 motu
914 1590 1075 1654 cursuque
1099 1570 1249 1653 uolentis,

424 1695 496 1739 oum
520 1694 695 1759 suspensus
719 1681 772 1739 eat
794 1672 947 1740 Phoebus
971 1697 1149 1763 currusque
1173 1678 1318 1744 reflectat

423 1778 486 1847 h'uo
509 1781 585 1847 illue
608 1781 702 1867 agilis
725 1789 759 1846 et
780 1790 889 1848 seruet
912 1785 946 1847 in
970 1783 1102 1849 aethere
1124 1791 1243 1868 metas3

368 1912 409 1955 noo
423 1911 496 1954 oum
519 1890 597 1954 luna
621 1896 653 1953 et
676 1889 788 1954 stellae
812 1890 949 1955 uolitant
971 1912 1030 1976 per
1052 1892 1163 1957 inania
1185 1893 1310 1973 mundi,

422 2003 509 2062 torro
533 2017 660 2083 quoque
686 1997 790 2063 aerias
814 1997 903 2083 leges
925 1998 1051 2064 imitate
1073 1999 1236 2086 pependit.

423 2112 472 2169 est
494 2105 592 2190 igitur
615 2105 711 2169 tellus
735 2105 877 2169 mediam
901 2105 1015 2171 sortita
1038 2128 1213 2173 cauernam

423 2214 506 2277 aeris
529 2220 561 2277 et
584 2218 651 2279 toto
675 2214 797 2298 pariter
820 2215 948 2279 sublata
970 2214 1131 2300 profundo

423 2342 481 2385 nee
505 2321 631 2406 patulas
655 2321 795 2387 distenta
817 2322 931 2407 plagas
954 2322 1012 2387 sed
1035 2323 1165 2388 condita
1187 2323 1220 2387 in
1245 2324 1356 2388 orbem

368 2453 408 2495 roo
422 2430 565 2514 undique
589 2436 774 2513 surgentem
798 2430 921 2515 pariter
943 2430 1128 2515 pariterque
1153 2432 1330 2497 cadentem.

423 2538 502 2602 haee
527 2550 575 2601 est
598 2542 734 2601 naturae
758 2536 873 2615 feries3
897 2538 943 2601 sie
967 2536 1107 2601 mundus
1131 2539 1255 2623 etipse

422 2647 455 2710 in
480 2665 626 2709 connexa
649 2644 764 2708 uolens
788 2644 901 2708 teretis
924 2643 1004 2709 feeit
1025 2666 1097 2709 esee
1119 2645 1240 2731 figuras

412 2752 602 2831 ,stellarum3
627 2752 768 2837 solisque
792 2752 902 2817 orbem
927 2751 1089 2838 lunaeque
1112 2753 1287 2819 rotundum

421 2860 596 2946 aspicimus
621 2858 743 2923 tumido
768 2859 954 2943 quaerentis
977 2880 1112 2945 corpore
1135 2860 1255 2942 lumen,

368 2992 408 3034 210
422 2968 508 3054 quod
531 2967 646 3051 globus
670 2965 817 3051 obliquos
841 2972 926 3031 totns
949 2988 1014 3031 non
1038 2968 1155 3053 aooipit
1178 2969 1278 3053 ignes.

422 3077 502 3141 haee
527 3080 659 3141 aeterna
683 3080 792 3139 manet
815 3074 965 3159 diuisque
988 3074 1153 3140 simillima
1175 3075 1291 3156 forma,

421 3184 474 3249 oui
498 3204 602 3268 neque
626 3182 819 3269 principium
843 3189 892 3247 est
915 3204 1062 3268 usquam,
1087 3204 1148 3248 nee
1170 3184 1244 3249 finis
1267 3183 1300 3249 in
1324 3184 1437 3269 ipsa„

421 3291 478 3356 sed
502 3290 615 3355 similis
638 3295 705 3355 toto
729 3311 784 3355 ore
808 3296 918 3358 manet
940 3311 1063 3376 perque
1086 3286 1195 3357 omnio
1217 3312 1278 3378 par
1300 3298 1357 3356 est.

335 3424 337 3428 ’
420 3394 469 3462 sio
490 3394 596 3461 stellio
618 3392 800 3478 plonwrato
822 3398 935 3459 manat
957 3385 1145 3477 mundoque
1167 3394 1288 3479 figura.

369 3530 407 3573 na
421 3506 540 3572 ideireo
564 3506 658 3571 terris
682 3525 746 3570 non
769 3504 919 3570 omnibus
942 3506 1052 3569 omnia
1074 3506 1167 3591 signa

421 3614 645 3700 conspicimus.
692 3634 853 3699 nusquam
877 3613 1024 3678 inuenies
1047 3612 1173 3698 fulgere
1197 3634 1358 3700 canopum

419 3722 523 3788 donee
545 3719 718 3805 †Niliaoas
740 3741 798 3806 per
822 3727 957 3806 pontum
981 3721 1110 3785 ueneris
1134 3741 1222 3801 oras3

421 3828 479 3895 sed
502 3834 660 3916 quaerent
682 3826 832 3912 Helicen,
856 3828 974 3914 quibus
996 3828 1050 3893 ille
1073 3828 1262 3915 superuenit
1284 3829 1379 3914 ignia,

420 3936 507 4023 quod
530 3938 669 4003 laterum
691 3942 814 4003 tractus
837 3936 994 4019 habitant,
1018 3936 1190 4023 medioque
1212 3941 1340 4003 tumore

371 4216 422 4271 190
448 4216 685 4285 quod-monatrmrt
700 4228 717 4270 o
743 4242 777 4253 -
803 4215 852 4270 199
872 4215 909 4271 od
927 4217 1005 4271 ortae
1022 4228 1040 4269 ο
1070 4242 1098 4252 -
1127 4214 1177 4269 199
1195 4217 1222 4269 at
1240 4226 1296 4268 om.
1312 4211 1324 4267 1
1343 4216 1474 4283 paratam
1490 4226 1507 4268 o
1535 4244 1570 4254 —

260 4314 329 4371 ante
351 4316 401 4369 194
426 4331 481 4383 qua
505 4330 536 4369 re
561 4318 637 4369 terra
660 4314 698 4369 rit
724 4313 845 4368 retroacta
863 4325 916 4381 gm
942 4340 975 4351 -
1002 4314 1052 4367 194
1075 4312 1126 4368 titi
1150 4316 1256 4368 antero
1274 4310 1379 4369 meae
1401 4311 1570 4366 admirande

259 4414 354 4469 uideri
367 4425 396 4466 m
419 4412 468 4468 cibi
484 4414 589 4467 natm
605 4412 775 4467 admirando
791 4412 885 4467 uideri
897 4426 920 4464 ω
939 4440 972 4449 -
990 4412 1040 4466 198
1059 4427 1223 4479 canaanque
1236 4424 1253 4465 o
1275 4438 1309 4448 —-
1333 4412 1383 4466 199
1400 4409 1517 4479 opilare
1536 4436 1568 4446 -

260 4514 312 4567 ⁸207
332 4515 462 4565 tamem
482 4510 723 4566 teano-210
740 4510 968 4579 iporiam-212
985 4521 1063 4565 neco
1081 4507 1567 4579 ipseo-eremmo-

260 4612 314 4664 214
332 4608 426 4665 stathan
438 4622 468 4663 m
485 4607 573 4663 stellis
584 4622 606 4660 ω
620 4608 773 4677 plemereto
784 4612 926 4663 monaste
943 4608 1068 4678 florerent
1080 4619 1098 4661 ο
1110 4634 1146 4643 -
1158 4606 1210 4661 916
1226 4603 1326 4675 oaaopi
1339 4617 1368 4658 m
1380 4632 1412 4641 -
1423 4605 1475 4657 217
1489 4604 1569 4658 maer

259 4708 298 4764 ad
310 4706 357 4763 lm
373 4707 411 4763 od
429 4719 486 4762 om.
499 4719 540 4774 go
557 4706 675 4762 niliacos
687 4705 745 4775 lgo
764 4707 853 4761 aanor
865 4720 894 4761 m
907 4704 953 4774 (11)
971 4704 1099 4762 Nila'ooer
1117 4718 1191 4760 aorr.
1210 4718 1246 4760 ex
1264 4703 1372 4759 adam
1384 4714 1415 4755 m
1433 4697 1487 4765 (Ia)-
