3642 5259
326 379 389 443 140
813 377 901 439 Liber
920 376 953 435 V.
990 381 1140 439 rra-noa
1187 326 1189 331 Ι

429 618 470 661 rra
484 598 556 682 quis
578 598 612 662 in
635 604 753 663 cuneta
775 620 868 663 suam
891 599 1043 683 produxit
1066 600 1197 665 saecula
1218 600 1320 665 uitam

483 704 608 770 doctior
630 706 710 770 urbe
733 728 793 771 sua
815 706 947 791 linguae
971 706 1032 771 sub
1055 707 1134 773 flore
1158 692 1346 791 Menander,

483 814 538 898 qui
562 814 647 877 uitae
670 814 811 878 ostendit
833 814 935 879 uitam
959 813 1144 900 chartisque
1167 816 1318 880 sacrauit.

479 927 513 985 et
534 922 561 985 si
585 927 676 986 tanta
698 944 834 1007 operum
858 922 944 987 uires
969 927 1151 988 commenta
1175 923 1332 1007 negarint,

481 1030 622 1093 externis
645 1036 754 1114 tamen
778 1035 873 1115 aptus
895 1030 958 1094 erit
980 1051 1067 1095 nuno
1090 1031 1307 1115 noee'podtis,

427 1160 469 1204 reo
482 1158 568 1201 nuno
592 1138 689 1201 tacito
713 1144 817 1222 gestu,
842 1138 1026 1223 referetque
1048 1138 1218 1203 affectibus
1241 1160 1299 1204 ora

481 1252 514 1308 et
535 1267 595 1309 sna
617 1245 755 1310 dicendo
778 1245 886 1325 faciet,
911 1245 1064 1331 solusque
1087 1267 1147 1331 per
1169 1246 1273 1311 omnis

481 1353 541 1417 ibit
562 1374 718 1437 personas
742 1359 774 1417 et
797 1354 925 1419 turbam
949 1354 1063 1419 reddet
1085 1354 1117 1419 iu
1142 1374 1217 1419 uno.

482 1466 538 1525 aut
561 1482 698 1546 magnos
722 1462 837 1526 herous
861 1468 937 1546 aget
959 1462 1107 1527 seeuisue
1131 1466 1273 1547 togatam

482 1569 586 1633 omnis
609 1568 760 1634 fortunae
781 1570 908 1634 uultum
931 1590 989 1655 per
1013 1569 1159 1635 membra
1182 1570 1329 1650 redueat3

426 1697 468 1739 rsa
481 1676 699 1761 aequabitque
722 1677 839 1742 choros
861 1682 954 1761 gestu
979 1683 1137 1763 negetque
1160 1677 1272 1741 uidere

481 1790 686 1868 praesentem
710 1784 842 1849 Troiam
866 1783 1099 1871 Priamumque
1121 1790 1198 1849 aute
1221 1807 1280 1850 ora
1301 1784 1480 1850 cadentem.

535 1912 621 1954 nuno
645 1890 773 1976 aquilae
797 1892 886 1957 sidus
909 1892 1061 1971 referam,
1084 1913 1169 1977 quae
1192 1898 1284 1977 parte
1307 1893 1438 1958 sinistra

479 1999 621 2063 rorantis
642 1998 781 2078 iuuenis,
804 2021 901 2085 quem
926 2000 1021 2065 terris
1044 2001 1174 2065 sustulit
1195 1999 1275 2085 ipsa,

482 2105 586 2170 fertur
608 2113 641 2170 et
663 2108 802 2172 extentis
824 2107 980 2192 praedam
1003 2107 1217 2172 circumuolat
1239 2107 1308 2172 alis.

427 2238 468 2281 rso
481 2215 619 2279 fulmina
642 2215 742 2281 missa
765 2215 864 2279 refert
886 2220 920 2279 et
943 2214 1034 2279 eaelo
1057 2214 1176 2280 militat
1197 2216 1275 2296 ales,

481 2324 530 2388 bis
553 2329 742 2409 sextamque
768 2328 858 2388 notat
879 2328 1006 2407 partem
1029 2313 1171 2387 fluuialis
1194 2322 1317 2407 aquari.

481 2430 567 2495 illius
591 2432 624 2495 in
648 2432 742 2497 terris
766 2430 899 2496 orientis
923 2436 1069 2515 tempore
1092 2434 1188 2495 natus

481 2540 523 2603 ad
547 2539 650 2624 spolia
674 2545 706 2603 et
728 2545 839 2624 partus
862 2544 975 2622 surget
998 2538 1051 2603 uel
1075 2537 1174 2602 caede
1198 2538 1345 2622 rapinam

482 2668 620 2731 eumque
637 2625 811 2711 ‘hominum
835 2645 961 2710 dederit
983 2650 1117 2731 strages,
1141 2644 1232 2709 dabit
1253 2644 1306 2709 ille
1329 2645 1474 2710 ferarum

426 2777 468 2819 res
483 2774 542 2817 neo
566 2775 680 2839 pacem
704 2753 843 2834 riballo,
867 2752 974 2817 niuem
998 2752 1160 2817 discernet
1182 2753 1223 2818 eb
1246 2752 1353 2832 hoste;

481 2862 550 2946 ipse
574 2862 636 2925 sibi
659 2861 712 2926 lex
735 2867 794 2942 est,
817 2867 850 2925 et
873 2881 937 2945 qna
960 2860 1024 2925 fert
1047 2880 1186 2945 eumque
1208 2860 1371 2939 uoluntas,

481 2968 697 3053 praecipitant
720 2966 821 3047 uires;
844 2968 915 3031 lans
938 2974 987 3032 est
1010 2967 1205 3033 contendere
1228 2972 1353 3033 eurota.

482 3081 515 3138 et
536 3074 564 3137 si
587 3074 671 3138 forte
694 3074 787 3140 bonis
810 3076 983 3139 accesserit
1004 3074 1144 3161 impetus
1167 3074 1265 3155 ausis,

480 3180 674 3266 improbitas
697 3181 753 3244 fiet
776 3181 893 3262 uirtus3
918 3189 951 3247 et
973 3183 1112 3248 condere
1135 3182 1221 3247 bella

428 3313 469 3356 eoo
483 3295 516 3353 et
538 3288 667 3373 magnis
689 3288 827 3372 patriam
850 3294 1003 3373 poterunt
1026 3310 1142 3355 ornare
1164 3290 1344 3375 triumphis.

484 3403 517 3460 et
539 3396 616 3481 quia
639 3416 704 3459 non
727 3402 845 3461 tractat
866 3397 1008 3463 nolueris
1032 3397 1088 3463 sed
1112 3398 1258 3482 suggerit
1280 3418 1371 3462 arma

483 3504 699 3587 inmissusque
721 3502 822 3567 refert
843 3505 935 3589 ignes
958 3510 991 3569 et
1012 3504 1151 3571 fulmina
1173 3504 1290 3585 reddit,

483 3611 569 3695 regis
593 3611 654 3674 erit
677 3612 830 3695 magnine
853 3612 945 3678 ducis
968 3613 1135 3699 perbelle
1159 3613 1319 3677 minister·

432 3885 1258 3959 ttssdortorgdootioroarbegorlreoraoofrorem
1275 3884 1641 3957 rrromoaampoelgc

323 3986 559 4054 claraequcm-
527 3988 626 4042 479
637 3986 849 4057 teramrslgm
867 3988 1018 4044 exterret
1037 3988 1229 4056 (eoetrrttiau2l
1248 3988 1400 4043 ooaao—
1414 3988 1467 4042 480
1485 3984 1641 4041 maurmlo

325 4096 430 4159 anag
454 4092 574 4147 aaron
597 4085 706 4162 refeftl
730 4095 994 4164 adfectibualm-
1019 4093 1385 4163 mammotreptis
1408 4090 1604 4157 demnatum
1624 4110 1641 4147 o

324 4190 433 4255 corr.)l
452 4190 582 4246 horama
600 4194 733 4264 menapia
752 4197 931 4261 topatuso—
899 4186 1177 4262 -raaaepabitffl
1188 4191 1300 4248 rtororl
1318 4190 1442 4261 reputit
1458 4190 1547 4247 moros
1560 4204 1590 4245 m
1604 4220 1639 4229 -

324 4292 375 4347 487
385 4290 555 4358 rosarumque
562 4290 654 4401 porlfell
666 4294 696 4348 in
705 4291 865 4358 uatramlh)
877 4321 907 4329 -
921 4294 974 4346 488
983 4274 1117 4359 rolantiel
1128 4290 1279 4346 rotantiem
1288 4288 1430 4345 rorantiao
1435 4287 1639 4358 peranag-

325 4418 377 4470 489
395 4417 542 4471 retemire
564 4372 675 4473 addire
697 4417 782 4473 aaa
815 4445 843 4453 -
872 4418 925 4470 490
943 4414 1023 4469 otiro
1053 4444 1083 4453 -
1113 4418 1164 4471 491
1183 4415 1330 4484 apmmg
1359 4442 1392 4451 -
1420 4414 1638 4482 respersum

320 4518 448 4583 porteto
476 4546 508 4553 —
537 4519 590 4572 494
614 4530 755 4585 arrrrqoeo
776 4514 907 4583 froperm
937 4542 969 4551 --
998 4510 1349 4581 4951mcroobeltolom
1377 4510 1640 4580 amputenteltng

323 4612 523 4685 aaoenmgm
554 4614 729 4670 duoemitlo
757 4640 789 4650 —
818 4612 871 4666 496
899 4608 996 4665 titila
1023 4638 1058 4646 -
1085 4612 1136 4666 497
1161 4607 1359 4679 precipitante
1389 4612 1573 4665 manerem
1603 4637 1638 4647 -

325 4714 378 4768 499
395 4713 575 4783 ωπξςῃάοτοί
594 4746 627 4755 -
647 4712 700 4769 502
718 4710 933 4777 tantimodum
949 4706 1109 4775 fluminum
1129 4736 1161 4745 —
1181 4707 1234 4764 503
1252 4704 1415 4776 murittaro.
