3642 5259
803 368 889 423 Liber
908 368 939 423 11.
977 368 1127 422 ‘rer-310.

476 596 582 652 cetera
606 594 679 652 suut
703 588 798 651 simili
823 587 947 650 ratione
970 585 1133 669 triangula
1157 585 1250 667 sigua

474 717 533 780 per
556 697 688 761 totidem
713 702 824 759 sortes.
863 692 983 755 des-nat
1007 710 1090 772 qnae
1114 688 1246 754 condito
1269 690 1410 768 9999119·

474 801 532 864 sed
555 800 733 865 discrimen
756 798 828 881 erit,
854 797 983 863 (19991919
1005 818 1065 862 een
1088 796 1360 878 consociatione,

309 900 311 905 ’
421 932 460 973 res
475 928 557 989 quce
582 908 740 988 subcont;
764 927 847 989 quoe
867 906 1084 988 praecedunt,
1110 905 1230 969 dentre
1253 925 1322 969 cese
1345 905 1513 985 feruntur.

474 1015 590 1079 dexter·
613 1014 677 1079 crc't
700 1020 796 1079 tauro
821 1013 1048 1096 capricornus
1072 1011 1169 1095 airpo
1193 1011 1342 1077 91919199.

474 1121 636 1187 19999119
659 1122 809 1205 eccmplo
833 1126 889 1187 eet.
938 1130 971 1187 91
994 1145 1077 1207 quae
1100 1123 1206 1188 diuisa
1229 1122 1395 1207 quaternis

473 1234 619 1317 partibus
643 1234 770 1318 aequali
793 1232 931 1297 laterum
955 1238 1030 1296 suut
1053 1232 1183 1295 condita
1206 1231 1314 1310 duom,

474 1362 610 1425 quorum
635 1341 784 1426 designat
805 1340 960 1404 normalis
982 1339 1111 1423 uirgula
1133 1339 1237 1419 sedes,
1426 1408 1435 1421 Ι

419 1448 552 1512 99919999
576 1448 733 1533 quadrata
756 1447 876 1512 ierunt:
901 1447 1018 1511 libram
1041 1448 1250 1532 capricornus
1272 1453 1305 1509 91
1327 1446 1418 1509 illum

473 1557 628 1641 conspicit
651 1556 726 1620 hinc
750 1555 843 1635 aries,
868 1561 965 1640 atque
988 1556 1093 1640 ipsum
1119 1553 1305 1639 apartibus
1329 1554 1441 1638 aequis

473 1686 598 1738 cancer,
624 1670 656 1728 et
679 1665 764 1728 huuc
787 1664 882 1728 laeua
905 1662 1072 1727 subeuntis
1096 1662 1204 1725 sidera
1226 1661 1338 1726 librae.

472 1793 600 1856 sempor
623 1773 708 1836 enim
731 1771 851 1835 dextris
874 1776 1048 1835 censentur
1070 1769 1163 1853 signa
1186 1770 1303 1854 priora.

471 1878 516 1942 sic
539 1878 615 1943 licat
637 1879 670 1942 iu
695 1879 827 1942 totidem
850 1884 960 1963 partes
984 1877 1137 1941 diducere
1160 1883 1277 1941 cuncta

418 2008 457 2048 999
473 1991 627 2070 ternaque
651 1985 701 2051 bis
725 1985 810 2049 senis
835 1984 994 2070 quadrata
1017 1983 1173 2068 effingere
1196 1982 1307 2066 signis,

471 2114 607 2177 quorum
630 2093 794 2179 proposito
818 2092 995 2157 reddentur
1017 2092 1050 2155 in
1074 2092 1186 2155 ordine
1211 2093 1306 2155 uires.

522 2200 578 2265 sed
602 2200 628 2265 si
652 2201 723 2285 quie
746 2206 916 2265 contentus
940 2201 1002 2263 erit
1025 2218 1212 2263 numerasse
1236 2198 1403 2282 quadrata,

470 2309 610 2372 diuisum
634 2314 670 2372 ut
692 2308 792 2394 signis
818 2308 973 2372 mundum
997 2312 1088 2391 putet
1110 2326 1181 2369 esse
1204 2306 1380 2389 quaternis,

471 2422 527 2479 aut
549 2416 610 2479 tria
633 2415 692 2480 sub
717 2416 824 2501 quinis
847 2416 948 2500 signis
972 2433 1088 2478 ornare
1111 2414 1283 2496 trigonum,

416 2547 456 2589 999
470 2530 506 2587 91
529 2525 632 2588 999199
656 2525 743 2587 uires
767 2530 799 2587 91
823 2523 944 2587 amieos
968 2521 1076 2605 exigat
1099 2526 1188 2584 ortus

469 2630 663 2716 foedataque
687 2631 832 2695 inueniet
856 2628 969 2695 mundi
992 2634 1132 2711 cognata
1153 2649 1212 2714 per
1235 2634 1331 2709 aetra,

468 2738 568 2803 falsus
593 2740 662 2803 erit.
710 2760 786 2803 nam
811 2738 910 2823 quina
933 2735 1009 2800 licet
1032 2737 1097 2801 siut
1119 2736 1262 2827 undique
1284 2737 1388 2821 signa,

469 2847 525 2931 qui
549 2851 655 2911 tamen
681 2868 720 2911 ex
743 2846 854 2931 signia,
880 2865 963 2928 quae
988 2844 1099 2928 quinto
1124 2864 1252 2928 quoque
1276 2843 1424 2908 feruntur

469 2961 555 3018 astra
579 2955 658 3035 loco,
684 2953 805 3019 fuerint
827 2953 906 3032 nati,
932 2952 1050 3015 sentire
1075 2952 1193 3036 trigoni

415 3083 454 3126 999
469 3082 533 3125 non
558 3068 709 3147 poterunt
731 3062 827 3139 uires,
853 3060 929 3123 licet
951 3059 1030 3123 illud
1054 3060 1185 3123 nomine
1205 3064 1352 3137 seruent3

468 3171 605 3234 amisere
629 3170 700 3233 loco
724 3169 816 3233 dotes
838 3167 1046 3251 numerisque
1069 3174 1260 3252 repugnant.

468 3297 543 3340 rmm
567 3298 641 3340 cum
665 3277 729 3340 sint
752 3282 860 3360 partes
884 3275 971 3339 orbis
994 3295 1053 3359 per
1075 3275 1169 3359 signa
1191 3281 1355 3339 trecentae

468 3391 500 3447 et
522 3390 571 3447 ter
595 3384 739 3463 nicenae,
764 3402 844 3467 quas
868 3381 993 3446 Phoebi
1017 3382 1130 3446 circuit
1154 3382 1258 3458 ardor,

468 3492 562 3555 tertia
585 3511 659 3575 pars
683 3489 752 3554 eius
777 3490 903 3554 numeri
926 3489 1011 3555 latus
1034 3489 1135 3554 efficit
1157 3510 1259 3553 unum

412 3621 453 3662 no
467 3599 500 3662 in
524 3599 581 3662 tris
604 3597 751 3682 perducti
774 3604 882 3683 partes
906 3619 965 3682 per
988 3600 1081 3682 signa
1105 3598 1232 3681 trigoni.

414 3802 582 3857 2821991199
601 3800 841 3870 dcearthnnclgc
857 3802 1011 3871 deetqaem
1029 3801 1422 3857 -284119991919999999999
1440 3802 1517 3867 (enea
1530 3804 1570 3868 ru)
1584 3831 1616 3841 -

307 3899 358 3955 286
386 3898 480 3953 deuter
496 3898 567 3968 grul
590 3898 693 3965 (Vrat.)
722 3900 879 3955 1199199919
907 3930 942 3937 -
971 3902 1021 3954 287
1050 3900 1086 3954 ad
1108 3916 1175 3969 qrroc
1192 3899 1227 3967 lg
1254 3907 1283 3953 at
1305 3899 1355 3954 199
1372 3914 1401 3953 m
1428 3899 1517 3954 (119199
1538 3915 1555 3954 9
1584 3934 1616 3943 ψ

306 3999 358 4052 289
373 3996 518 4067 cineum
533 4028 565 4035 -
580 3998 632 4051 290
645 3996 772 4052 Haecccl
790 3997 894 4053 1999999
912 3999 975 4053 hacc
988 4002 1015 4053 19
1028 4012 1082 4067 gm
1097 3996 1241 4067 feruatlg
1256 3998 1302 4066 fe?
1315 4012 1363 4051 cm
1379 3997 1426 4063 (u)
1444 3998 1552 4066 feritm
1572 3998 1615 4065 (L)

307 4099 392 4151 199199
410 4109 466 4150 om.
481 4110 497 4149 0
516 4093 727 4163 9999999991
746 4103 771 4149 et
788 4096 865 4151 111999
883 4112 901 4164 g
922 4098 1030 4165 (spector
1048 4097 1079 4151 in
1099 4110 1190 4164 marg.
1210 4111 1247 4151 m.
1268 4112 1323 4150 rec.
1344 4094 1439 4163 addit)
1457 4095 1564 4150 1119999
1584 4126 1615 4134 -

307 4196 357 4251 291
382 4193 447 4247 dinc
464 4208 491 4247 m
517 4192 586 4247 1999
603 4209 624 4243 to
647 4192 735 4262 iperrm
759 4211 783 4248 9.
807 4214 834 4263 p.
854 4195 923 4263 lgm
949 4224 984 4231 —
1011 4197 1063 4249 292
1088 4195 1181 4249 lano
1208 4224 1241 4231 ·-
1269 4196 1321 4248 294
1344 4194 1474 4250 99199919
1498 4188 1590 4264 partie
1608 4198 1616 4251 1

301 4289 391 4361 partia
409 4305 462 4358 gm
482 4290 525 4358 (LJ
550 4290 708 4345 dedrrcereo
734 4320 765 4329 ·-
793 4294 843 4347 295
865 4296 987 4361 terraque
1004 4292 1072 4360 lgm
1098 4296 1170 4346 terra
1189 4292 1262 4346 1199
1285 4292 1449 4359 quadratae
1473 4295 1616 4365 stirpare}

303 4391 460 4459 1919999999
474 4418 506 4425 -
522 4390 571 4443 296
591 4389 741 4444 reddantur
754 4407 769 4443 o
784 4426 817 4431 --
835 4392 903 4445 9919
917 4392 968 4444 aa?
989 4391 1021 4443 de
1039 4407 1167 4444 99999999
1183 4407 1273 4444 enum
1291 4390 1516 4460 9199999999
1529 4397 1617 4461 purti-

305 4488 430 4555 litergm
442 4516 477 4523 —
490 4489 654 4543 29891991.
669 4504 685 4543 o
699 4519 733 4525 —
746 4490 962 4557 enascerentur
980 4488 1068 4555 nntig
1084 4488 1186 4542 9911999
1217 4482 1446 4545 -305999919111
1464 4491 1575 4546 nomino
1587 4508 1631 4546 m·

304 4584 449 4640 9999999
474 4614 505 4621 —
530 4587 775 4641 3019999999
801 4618 831 4624 -
858 4589 910 4641 eoa
933 4575 1028 4641 99191
1052 4594 1184 4655 999999
1209 4577 1435 4643 9999199991
1465 4590 1616 4645 999999

305 4683 414 4739 niceam
426 4698 466 4753 gc
486 4714 518 4722 -
538 4670 591 4740 31⁸0
612 4685 662 4739 919
674 4700 704 4739 ru
723 4691 777 4739 trec
791 4702 811 4735 ω
828 4663 979 4752 [1119199111
995 4684 1121 4753 predicti
1135 4702 1161 4739 ur
1177 4686 1302 4753 perducti
1315 4702 1343 4739 ω.
