3642 5259
791 364 877 421 Liber
897 364 929 421 V.
968 364 1117 421 108-220.

458 584 661 669 septimaque
683 603 723 646 ex
745 581 841 646 undis
862 600 939 665 pars
962 600 1033 645 sese
1056 580 1193 665 emergit
1214 580 1248 644 iu
1272 586 1369 654 astra,

458 692 596 756 uenatus
617 710 682 755 uon
704 688 759 753 ille
782 687 926 773 quidem,
950 708 1064 753 uerum
1088 708 1179 752 erma
1203 687 1319 753 orestis

404 820 445 864 ooo
459 797 599 863 uenandi
622 796 756 860 tribuet:
781 794 905 859 oetulos
928 796 1052 859 nutrire
1076 794 1201 880 sagacis
1232 794 1233 797 ’

457 910 490 969 et
511 925 615 990 genus
637 925 657 991 a
679 902 822 988 proauis,
846 922 954 967 mores
976 922 1147 967 numerare
1171 922 1230 987 per
1252 900 1360 983 urbes,

454 1013 599 1099 retiaque
623 1018 655 1075 et
677 1009 787 1075 ualida
809 1008 973 1075 uenabula
997 1008 1130 1095 euspide
1152 1008 1217 1073 fixa

454 1119 606 1205 lenteque
629 1118 786 1184 contextis
809 1117 952 1183 formare
974 1117 1104 1183 hostilis
1126 1118 1232 1198 nodis,

455 1232 489 1291 et
510 1226 737 1311 quodcumque
760 1226 842 1290 solet
863 1224 1006 1290 uenandi
1028 1244 1162 1309 posuere
1186 1244 1272 1305 oure,

401 1333 489 1400 ausin
511 1333 659 1421 proprios
682 1333 843 1397 fabricare
866 1332 956 1398 dabit
978 1332 1108 1397 uenalia
1130 1338 1293 1417 quaestus.

509 1462 582 1506 oum
605 1461 683 1505 nero
706 1440 741 1505 in
764 1446 874 1505 uastos
897 1441 1001 1523 surgit
1023 1438 1204 1505 Nemeaeus
1226 1439 1345 1521 hiatus,

454 1549 661 1632 exoriturque
684 1547 785 1628 oanis,
807 1547 969 1633 letratque
993 1546 1141 1612 eauioula
1163 1546 1311 1611 flammas

454 1664 486 1721 et
509 1655 594 1721 rabit
616 1655 693 1738 igne
716 1675 774 1719 suo
797 1655 1005 1740 geminatque
1028 1652 1178 1720 incendia
1200 1654 1286 1719 solis.

454 1785 519 1849 qua
542 1762 701 1829 subdente
723 1761 829 1826 sanem
852 1762 946 1827 terris
969 1761 1143 1847 radiosque
1166 1768 1317 1827 mouente

398 1894 440 1938 oro
453 1872 587 1936 dimioat
608 1870 641 1935 in
666 1871 790 1935 eineres
813 1870 901 1935 orbis
924 1868 1092 1956 fatumque
1115 1890 1303 1954 supremum

451 1978 594 2059 sortitur,
617 1977 814 2063 languetque
836 1977 904 2042 suis
926 1976 1096 2063 Neptunus
1119 1976 1153 2041 in
1176 1976 1283 2056 undis,

452 2092 485 2151 et
506 2085 622 2150 uiridis
643 2086 769 2149 nemori
792 2084 924 2169 sangnis
948 2084 1074 2149 desedit
1097 2091 1130 2149 et
1152 2084 1270 2149 herbis.

453 2200 569 2257 auriota
591 2192 780 2278 peregrinos
803 2193 898 2258 orbes
922 2192 1075 2257 animalia
1097 2197 1268 2277 quaerunt,

452 2308 549 2387 atque
572 2307 647 2386 eget
669 2300 802 2365 alterius
823 2299 974 2365 mundus.
1021 2306 1139 2365 natura
1162 2299 1297 2365 suismet

397 2430 438 2473 are
451 2414 599 2493 aegrotat
621 2407 743 2473 morbis
767 2408 884 2473 nimios
906 2408 1040 2473 obsessa
1063 2428 1121 2492 per
1144 2413 1252 2473 aestus

450 2516 550 2600 inque
572 2536 651 2600 rogo
675 2515 772 2594 uinit3
796 2521 905 2580 tentus
929 2535 988 2600 per
1010 2514 1117 2579 sidera
1139 2514 1249 2579 feruor

450 2622 607 2705 funditur,
631 2628 729 2708 atque
752 2644 816 2688 nno
841 2643 900 2687 oen
923 2622 1054 2687 suntin
1078 2621 1214 2687 fulmine
1238 2629 1362 2688 ounote.

449 2730 530 2794 haec
553 2730 610 2796 ubi
632 2750 667 2795 se
689 2736 788 2816 ponto
811 2751 871 2815 per
892 2730 1014 2815 primes
1037 2728 1152 2793 extulit
1175 2750 1258 2811 ores,

450 2844 637 2902 nascentem
659 2859 758 2923 quem
782 2858 841 2902 neo
865 2837 974 2922 pelagi
996 2837 1179 2902 restinxerit
1202 2838 1299 2917 unda,

396 2966 437 3010 aao
450 2945 590 3010 effrenos
613 2945 738 3010 animos
762 2943 970 3029 uiolentaque
993 2950 1126 3028 pectora
1147 2943 1249 3028 finget

449 3052 636 3136 irarumque
660 3051 751 3116 debit
772 3050 867 3115 fletus
889 3050 1065 3137 odiumque
1089 3057 1276 3137 metumque

448 3160 546 3225 totius
567 3160 669 3243 uulgi.
716 3166 912 3245 procurrunt
934 3158 1050 3239 uerba;
1075 3159 1235 3244 loquentis

448 3272 524 3331 ante
547 3287 583 3331 os
606 3272 656 3331 est
678 3267 821 3347 animum
843 3287 904 3331 neo
928 3267 1055 3353 mugnis
1079 3268 1205 3333 eoncita
1228 3267 1334 3333 oensis

448 3374 546 3438 eorda
569 3374 699 3455 minant,
723 3380 756 3439 et
778 3374 890 3462 lingua
913 3375 1007 3456 rabit,
1032 3376 1192 3461 letratque
1216 3375 1378 3461 loquendo

392 3501 433 3545 aas
447 3480 608 3546 morsibus
631 3489 663 3547 et
686 3482 807 3548 crebris
830 3483 944 3548 dentes
969 3483 1003 3548 in
1026 3503 1107 3548 uooe
1130 3483 1246 3547 relidit.

446 3588 586 3653 ardssoit
607 3590 686 3655 uitio
709 3590 836 3674 uitium,
860 3591 1011 3676 uiresque
1034 3590 1197 3657 ministret

393 3776 446 3831 198
463 3790 519 3830 sese
536 3789 592 3830 om.
606 3790 634 3831 m
656 3773 698 3843 (in
715 3776 774 3847 lm2
791 3790 882 3846 supra
894 3774 989 3843 addit)
1007 3809 1043 3818 -
1060 3778 1113 3831 200
1131 3775 1256 3831 tribuito
1274 3766 1398 3847 nesciet
1414 3791 1547 3846 menoare
1565 3807 1601 3817 -

285 3872 337 3926 201
356 3864 474 3939 amatr
491 3888 645 3942 oproamm
664 3881 763 3930 orteso
782 3903 814 3913 -
832 3873 1040 3944 bonnuel—
1058 3876 1111 3930 200
1128 3872 1272 3929 eonteroel
1289 3873 1523 3931 attitiae-204
1541 3877 1602 3945 qus·-

284 3984 431 4039 oumquem
444 3971 833 4043 queodoumqsoeupoaeereg—
802 3972 1066 4042 —205proprioem
1075 3972 1232 4042 propriam
1244 4000 1276 4010 -
1286 3974 1600 4065 bbbsuryetoaemeseo

286 4068 494 4125 -2070onbo
507 4051 653 4141 flommqel
666 4069 1066 4180 fiammieottommoegmer-b-
1034 4072 1138 4180 -13208
1154 4069 1260 4139 rapisti
1279 4070 1404 4140 raoitgo
1425 4078 1502 4141 rapat
1515 4086 1545 4125 m
1565 4100 1599 4111 -

284 4193 338 4248 202
349 4193 769 4264 matelgmosoentemom—
736 4194 996 4252 —blbnemoriem
1009 4142 1160 4264 undeg-
1128 4196 1223 4251 2-10
1234 4175 1400 4263 munel-
1411 4196 1463 4252 217
1477 4202 1603 4253 monent

283 4287 1043 4364 influmine-218ponttlpostomprootmaso
1064 4292 1222 4349 boroso—
1241 4294 1294 4349 219
1312 4274 1599 4363 nummumque»

279 4388 369 4459 pelosi
380 4389 574 4447 mtsims'tl
588 4391 666 4460 (coll.
676 4391 756 4448 Vrat.
770 4390 939 4457 retinuerit)
957 4390 1072 4460 uorem
1079 4408 1110 4460 p.
1124 4404 1164 4459 go
1183 4407 1264 4460 quom
1276 4406 1323 4445 nec
1337 4405 1363 4445 m
1384 4390 1554 4447 rostanno-it
1567 4407 1596 4447 m

282 4488 440 4544 memet
448 4504 469 4559 g
479 4490 702 4558 postmanente
715 4518 748 4527 —-
758 4490 812 4544 220
821 4481 924 4557 fieyitl
934 4487 1050 4559 fisqttm
1065 4487 1177 4558 ῥηθείς
1188 4488 1326 4558 stringito
1339 4516 1371 4525 —
1385 4490 1436 4543 221
1446 4487 1552 4557 stetaso
1563 4517 1596 4526 -

282 4586 336 4641 222
355 4588 564 4656 promrmntm
583 4590 805 4657 proeemasmtu
825 4613 857 4624 -
877 4587 931 4641 223
949 4585 1084 4642 conditae
1104 4614 1137 4623 -
1156 4588 1210 4641 224
1227 4586 1338 4655 repbitl
1357 4586 1427 4641 rabit
1441 4601 1469 4640 m
1483 4588 1531 4657 (ug
1548 4586 1596 4657 η)
1626 4579 1628 4583 ⁴

281 4683 409 4755 ropttge
428 4713 461 4722 -
479 4686 532 4741 220
549 4668 712 4753 relinquidl
729 4683 923 4753 relinquitmo
942 4684 1052 4753 reliquit
1062 4700 1090 4755 g.
