3642 5259
711 400 798 459 Liber
815 401 836 459 l.
874 405 1025 460 cer-712.

373 621 408 686 in
429 621 579 707 longum3
601 620 651 685 bis
675 641 732 685 sex
754 620 880 686 latescit
902 619 1004 686 fascia
1025 626 1144 708 partes,

373 750 457 816 quas
481 728 609 795 cohibet
631 729 722 793 uario
745 728 888 795 labentia
911 728 1018 795 sidera
1041 750 1146 794 cursu.

374 836 455 901 alter
477 836 511 901 in
533 836 707 901 aduersum
730 835 853 922 positus
877 835 1021 903 succedit
1043 836 1085 901 ad
1108 842 1214 901 arctos

318 967 359 1010 aas
373 951 406 1009 et
428 944 562 1029 paulum
585 966 605 1008 a
628 945 747 1009 boreae
769 966 848 1030 gyro
872 966 933 1010 sua
955 944 1010 1009 fila
1032 943 1158 1009 reducit

372 1052 551 1138 transitque
574 1053 724 1118 inuersae
742 1072 805 1148 per
828 1052 936 1118 sidera
958 1050 1155 1138 Cassiepiae.

371 1159 446 1225 inde
469 1181 528 1246 per
551 1161 716 1247 obliquum
741 1160 941 1225 descendens
964 1161 1068 1246 tangit
1090 1161 1213 1225 olorem

371 1268 577 1354 aestiuosque
599 1274 689 1333 secat
709 1268 790 1333 fines
814 1269 1021 1355 aquilamque
1044 1268 1194 1354 supinam

372 1380 582 1461 temporaque
605 1381 799 1462 aequantem
823 1397 939 1462 gyrum
961 1396 1140 1461 zonamque
1163 1375 1321 1440 ferentem

318 1503 359 1545 cco
372 1481 448 1546 solis
472 1504 572 1569 equos
595 1484 679 1548 inter
703 1483 850 1565 caudam,
874 1505 939 1569 qua
962 1484 1108 1570 scorpius
1131 1482 1233 1565 ardet,

278 1604 280 1609 '
371 1598 613 1676 extremamque
638 1591 783 1677 sagittari
805 1592 936 1657 laeuam
958 1597 1055 1677 atque
1079 1591 1241 1677 sagittam.

372 1696 446 1762 inde
469 1719 544 1763 suos
568 1699 677 1764 sinuat
700 1698 801 1764 flexus
825 1720 884 1785 per
906 1721 1002 1765 crura
1025 1699 1189 1787 pedesque

371 1807 517 1872 centauri
539 1807 671 1871 alterius
694 1826 871 1891 rursusque
894 1807 1070 1873 ascendere
1093 1807 1218 1871 caelum

370 1913 483 1999 incipit
504 1915 729 2000 Argiuumque
752 1919 856 1979 ratem
878 1935 938 2000 per
959 1914 1115 2001 aplustria
1138 1934 1265 1978 summa

317 2042 357 2084 sas
371 2026 403 2085 et
426 2022 569 2086 medium
592 2022 705 2087 mundi
727 2043 843 2108 gyrum
866 2022 1077 2109 geminosque
1099 2042 1158 2108 per
1180 2020 1246 2085 ima

370 2128 463 2213 signa
485 2135 583 2210 secat,
607 2129 693 2195 subit
714 2130 920 2211 heniochum,
944 2136 1051 2216 teque,
1075 2128 1162 2194 unde
1184 2127 1359 2214 proiectus,

313 2296 315 2300 .
371 2233 547 2324 Cassiopia,
569 2243 683 2324 petens
706 2259 805 2324 super
826 2238 931 2324 ipsum
954 2237 1076 2303 Persea
1097 2236 1213 2302 transit

370 2343 545 2429 orbemque
569 2365 609 2408 ex
631 2344 687 2409 illa
711 2351 860 2431 coeptum
883 2344 1046 2410 concludit
1068 2345 1102 2409 in
1125 2345 1196 2430 ipsa

369 2452 491 2537 trisque
515 2458 603 2517 secat
625 2452 749 2518 medios
772 2473 869 2538 gyros
892 2458 925 2517 et
947 2452 1040 2537 signa
1064 2452 1221 2517 ferentem

316 2579 356 2621 roo
369 2559 514 2643 partibus
538 2580 556 2623 e
578 2559 673 2642 binis,
698 2559 846 2645 quotiens
869 2559 1067 2645 praeciditur
1088 2560 1167 2645 ipse.

368 2688 429 2731 nec
452 2667 658 2752 quaerendus
681 2667 756 2735 erit:
781 2666 870 2732 uisus
892 2668 1029 2733 incurrit
1050 2668 1085 2733 in
1107 2667 1195 2753 ipsos

370 2782 483 2860 sponte
506 2795 565 2839 sua
589 2796 687 2861 seque
711 2775 780 2860 ipse
804 2777 899 2841 dccet
922 2776 1071 2861 cogitque
1094 2775 1210 2840 notari.

369 2902 511 2967 namque
533 2883 568 2948 in
591 2883 741 2948 caeruleo
763 2883 906 2948 candens
929 2882 1011 2948 nitet
1033 2882 1139 2947 orbita
1160 2880 1282 2946 mundo

370 3010 428 3053 ceu
452 2990 590 3055 missura
613 2991 699 3055 diem
723 2990 828 3056 subito
852 2991 1044 3077 caelumque
1066 2990 1246 3057 recludens.

315 3116 355 3159 ros
369 3117 407 3160 ac
430 3097 530 3162 ueluti
555 3098 675 3163 uirides
698 3098 852 3164 discernit
875 3099 990 3164 semita
1013 3120 1154 3184 campos,

368 3224 466 3288 quam
491 3206 565 3271 terit
587 3205 716 3271 assiduo
740 3226 901 3272 rennuens
924 3206 986 3271 iter
1008 3206 1113 3272 orbita
1136 3210 1255 3283 tractu3

368 3308 455 3374 inter
479 3309 608 3377 diuisas
633 3310 828 3395 aequalibus
851 3316 899 3377 eet
922 3311 983 3377 cia
1000 3316 1135 3395 partes·¹

369 3424 404 3483 ut
427 3419 511 3486 frete
534 3428 709 3487 canescunt
732 3422 857 3488 sulcum
881 3423 1019 3487 ducente
1043 3401 1155 3487 camna

369 3527 594 3615 accipiuntque
617 3530 705 3595 uiam
728 3529 844 3595 fluctus
868 3530 1093 3615 spumantibus
1117 3529 1222 3609 undis,

313 3654 354 3697 uo
368 3655 465 3719 quam
489 3642 591 3702 tortus
616 3658 709 3703 uerso
732 3638 835 3702 mouit
857 3637 898 3702 de
922 3638 1051 3723 gurgite
1074 3644 1196 3719 uertex,

367 3743 524 3809 candidus
547 3745 579 3809 in
603 3746 696 3830 nigro
719 3746 805 3810 lucet
827 3746 873 3809 sie
895 3746 989 3810 limes
1013 3745 1162 3832 Olympo,

367 3851 552 3917 caeruleum
575 3853 701 3917 findens
724 3852 848 3937 ingenti
870 3852 994 3917 lumine
1017 3853 1184 3918 mundum.

315 4054 366 4108 683
379 4070 524 4110 cursuram
537 4086 569 4094 -
581 4058 633 4112 684
645 4056 868 4125 aduermmlgm
881 4050 1513 4127 aemmopoaalalposicsgpooitcemc-

209 4150 260 4205 685
278 4150 405 4207 abhoreas
422 4151 457 4208 lc
477 4153 587 4209 abcrm
602 4170 631 4209 ιιι
655 4154 690 4209 nd
705 4154 798 4210 boreae
814 4170 834 4223 g
853 4160 962 4225 ytrosg
981 4184 1013 4193 -
1034 4156 1087 4213 686
1106 4160 1234 4224 transque
1250 4168 1279 4208 m
1297 4150 1366 4208 cassi
1383 4147 1514 4217 confidem

207 4248 252 4316 (b)
268 4278 299 4287 -
315 4252 368 4305 690
381 4251 455 4321 equis
467 4266 495 4305 m
512 4280 544 4289 -
561 4253 610 4307 691
625 4252 751 4324 spicari
763 4268 792 4308 m
808 4252 830 4321 (i
843 4252 910 4309 adu
922 4255 1007 4322 corr.)
1022 4254 1159 4324 nptttarii
1173 4269 1194 4305 c
1209 4281 1242 4291 -
1256 4253 1307 4306 699
1322 4250 1373 4305 693
1387 4246 1439 4303 694
1451 4244 1483 4300 in
1499 4256 1514 4295 c

205 4348 275 4417 post
295 4351 343 4403 147
363 4348 394 4404 in
413 4364 503 4419 marg.
524 4351 607 4406 notat
624 4351 635 4406 l
660 4381 692 4389 -
716 4354 768 4407 691
785 4352 846 4423 arpi
863 4344 957 4425 slllqsoe
968 4368 998 4407 m
1015 4352 1175 4421 ammuetrtb
1189 4367 1219 4406 m
1246 4378 1275 4387 -
1300 4350 1351 4403 696
1370 4346 1428 4401 imo
1443 4343 1513 4412 lgm

204 4444 294 4500 imam
309 4462 370 4501 c-
384 4449 434 4503 697
447 4448 587 4518 saepae
598 4464 670 4505 corr.
684 4450 821 4520 Omniptio
834 4466 862 4507 m
876 4452 921 4520 (L)
940 4451 1028 4519 capit
1038 4464 1068 4504 ιιι
1081 4478 1114 4487 -
1128 4453 1179 4507 699
1193 4449 1323 4518 tricosoec
1338 4447 1466 4500 smatm
1480 4467 1513 4478 —

205 4541 394 4601 coacense
416 4574 451 4584 —
475 4545 712 4603 cumaeam
736 4578 769 4587 -
793 4549 1010 4607 to5otrs'diam
1033 4546 1177 4602 ciridano
1200 4542 1512 4599 -rcecrarctm-

204 4643 259 4697 791
280 4614 373 4699 ciniis
389 4644 424 4713 lg
446 4644 541 4699 dictis
558 4660 608 4700 mc
629 4614 717 4715 peritis
733 4646 743 4701 l
761 4648 852 4716 portis
870 4663 920 4705 cm
938 4648 1065 4716 pascas
1084 4672 1117 4681 -
1137 4647 1187 4701 'lll
1208 4645 1277 4698 lacet
1292 4643 1331 4698 stc
1348 4640 1424 4695 umes
1442 4653 1459 4693 o
1479 4666 1510 4675 -

202 4742 259 4795 719
277 4718 404 4811 trilianl
419 4742 525 4817 fingens
536 4758 576 4817 gc
592 4744 747 4815 (tadonem.
