3642 5259
811 355 897 415 Lfoer
914 354 962 413 IV.
1000 356 1152 413 252-281.

487 573 578 638 addis
603 581 635 637 et
657 574 690 637 in
714 578 821 639 uestes
844 573 984 639 studium
1009 594 1215 660 meroemque
1239 574 1401 660 fugacem,

487 680 608 765 frigore
631 680 811 747 brumalem
834 702 970 747 seruans
993 703 1052 768 per
1075 683 1206 748 seeoule
1228 688 1358 766 sortem,

486 809 551 872 qus
574 789 711 853 retrahis
734 790 847 854 duetus
871 810 998 855 summe
1021 790 1061 855 ed
1086 789 1215 876 fastigia
1239 798 1349 856 noetes

431 916 473 961 255
487 902 738 981 nascentemque
760 897 841 962 ieois
864 899 1025 963 reuocatis
1048 898 1174 963 lucibus
1197 919 1329 963 annum.

485 1002 561 1068 bino
585 1011 617 1069 et
639 1003 801 1069 mobilitas
824 1026 943 1087 rerum,
966 1011 1155 1091 muteteque
1179 1027 1275 1093 saepe

487 1133 579 1177 mens
601 1117 706 1191 netet3
730 1117 762 1176 et
785 1113 900 1178 melior
923 1114 1032 1179 innoto
1056 1113 1116 1177 snb
1139 1114 1227 1199 pisoe
1251 1119 1382 1179 senecta
1405 1120 1463 1196 eet,

485 1240 561 1301 pers
583 1220 673 1305 prior
695 1226 729 1286 ut
752 1220 872 1285 Veneri
896 1222 996 1287 mixto
1020 1242 1094 1287 oum
1118 1222 1253 1287 erimine
1276 1224 1386 1289 seruit.

538 1327 592 1391 ille
616 1348 754 1412 quoqne,
778 1328 898 1393 inflexa
923 1328 1045 1395 iontem
1069 1330 1124 1415 qui
1148 1329 1265 1415 proicit
1287 1351 1379 1411 orne,
1451 1396 1454 1404 Δ

431 1454 471 1499 seo
485 1440 640 1519 eognstes
663 1435 775 1501 tribuit
797 1434 948 1501 iuuenilis
971 1436 1124 1522 aquarius
1147 1442 1243 1519 eries,

430 1562 568 1625 nequae
591 1563 651 1627 per
673 1564 775 1627 eques
798 1543 935 1609 ueniunt
957 1564 1091 1629 opernm
1115 1543 1286 1629 fontesque
1310 1551 1506 1630 sequuntur:

428 1670 617 1713 secernere
640 1651 701 1715 sub
724 1651 819 1715 terris
842 1651 957 1733 undas,
981 1650 1134 1717 induoere
1158 1652 1253 1717 terris

394 1754 406 1809 '.
483 1757 619 1842 ipseque
643 1758 808 1823 conuersis
831 1780 1004 1845 aspergere
1027 1760 1177 1825 fluetibus
1201 1764 1290 1825 estre

483 1864 696 1951 litoribusque
720 1866 814 1931 nouis
836 1887 894 1951 per
916 1867 1028 1933 luxum
1051 1867 1197 1932 inludere
1221 1873 1319 1953 ponto
1428 1923 1430 1935 .

482 1978 515 2037 et
539 1973 648 2039 uarios
670 1972 831 2038 iebriosre
854 1972 945 2039 leons
969 1980 1001 2039 et
1023 1974 1159 2039 flumine
1180 1975 1257 2040 fiete

429 2102 469 2146 neo
483 2086 516 2145 et
539 2080 774 2165 peregrinantis
798 2080 947 2146 domibus
971 2082 1167 2166 suspendere
1191 2082 1289 2147 riuos.

482 2188 572 2253 mille
596 2188 655 2251 sub
678 2187 739 2251 hoe
762 2186 911 2253 habitunt
933 2194 1029 2269 ortes,
1054 2210 1134 2275 ques
1157 2197 1317 2275 temperet
1340 2192 1438 2257 unde.

483 2296 602 2381 quippe
626 2295 723 2360 etiem
747 2295 860 2361 mundi
883 2296 1000 2361 faeiem
1024 2297 1182 2382 sedesque
1205 2298 1350 2364 monebit

427 2426 467 2468 use
481 2403 626 2467 sidereos
650 2402 839 2489 coelumque
862 2425 984 2469 nouum
1009 2404 1152 2469 uersebit
1174 2404 1208 2469 in
1232 2405 1353 2471 orbem.

427 2530 468 2574 nro
482 2509 560 2573 mite
585 2531 699 2594 genus,
723 2510 899 2597 dulcesque
922 2512 1028 2577 fluunt
1050 2512 1090 2578 ed
1115 2513 1221 2579 sidere
1245 2519 1372 2599 pertus3

481 2623 614 2703 pectore
637 2640 697 2682 nee
721 2618 862 2702 sordent,
886 2620 1000 2685 ieeiles
1022 2620 1057 2685 in
1081 2621 1199 2685 domne
1223 2620 1381 2705 feruntur,

482 2746 542 2789 nee
566 2725 667 2806 deest,
692 2746 751 2789 nee
774 2732 921 2812 superest
945 2748 1074 2795 oeneus:
1100 2729 1145 2793 sio
1168 2728 1299 2814 profluit
1322 2750 1413 2794 urus.

534 2833 648 2898 ultime
671 2854 752 2917 quos
775 2835 897 2920 gemini
920 2835 1102 2921 producunt
1125 2833 1232 2899 sidere
1254 2836 1369 2921 pisces,

479 2939 530 3003 his
554 2941 615 3004 erit
637 2941 670 3004 in
695 2947 829 3026 pontum
853 2941 1007 3025 studium,
1030 2941 1197 3026 uitamque
1222 2942 1384 3027 profundo

421 3038 468 3112 'nn
482 3047 615 3112 credent
637 3053 669 3112 et
692 3070 816 3135 puppes
840 3054 897 3113 eut
919 3048 1081 3135 puppibus
1104 3070 1197 3115 erma
1219 3051 1390 3135 parebunt,

482 3155 635 3241 quiequid
658 3162 691 3220 et
712 3156 746 3220 in
769 3156 916 3242 proprios
940 3156 1075 3241 pelagus
1099 3156 1262 3224 desideret
1284 3179 1373 3224 usus,

480 3263 671 3329 innumerae
692 3265 830 3328 ueniunt
851 3270 952 3345 artes3
977 3266 1032 3330 uix
1056 3265 1188 3331 nomina
1210 3267 1308 3331 rebus

481 3370 660 3453 suifioiunt3
683 3376 732 3436 tot
754 3378 830 3437 sunt
851 3394 973 3459 paruae
998 3395 1127 3459 quoqne
1152 3374 1299 3441 membre
1322 3374 1461 3441 serione.

481 3479 564 3543 adde
587 3480 789 3564 gubernandi
812 3480 965 3545 studium.
1012 3482 1164 3568 peruenit
1185 3484 1219 3547 in
1243 3488 1331 3549 estre

425 3606 466 3651 neo
480 3592 512 3649 et
533 3593 668 3671 pontum
693 3588 780 3652 oselo
805 3588 916 3669 uincit,
940 3589 996 3655 sed
1020 3592 1148 3655 nouerit
1171 3591 1281 3656 orbem

478 3692 676 3780 flumineque
700 3703 733 3759 et
755 3700 866 3781 portus
888 3697 990 3762 mund
1026 3704 1204 3783 uentosque
1227 3718 1361 3763 neeesse
1384 3704 1449 3778 est3

161 3620 254 3732 Μ’]

426 3890 478 3944 253
505 3878 617 3960 srs'qoid
632 3888 644 3943 l
671 3891 781 3960 frigore
797 3905 827 3945 m
853 3892 959 3962 frigore
976 3907 1019 3961 ge
1048 3922 1081 3931 -
1110 3894 1162 3949 254
1188 3892 1336 3963 quorelm
1363 3883 1475 3950 uentiul
1501 3896 1629 3949 isontium

318 3993 459 4058 undergo
479 4018 512 4025 -
531 3990 583 4043 256
599 3989 672 4044 hebo
690 3989 819 4044 nobilitas
831 3989 888 4058 lgr
905 3992 1043 4047 mobilitas
1056 4006 1085 4046 m
1107 3996 1292 4061 mutuaeque
1311 4005 1328 4046 o
1350 4020 1381 4029 —
1401 3993 1452 4047 ‘257
1471 3992 1567 4048 isoseto
1583 3992 1631 4047 set

314 4090 418 4158 poseo
438 4069 805 4164 -vuospreriueneril
824 4105 853 4158 p.
872 4092 898 4142 e
916 4104 999 4158 ogo
1023 4090 1205 4145 omrem
1225 4118 1257 4127 -
1277 4092 1329 4145 nos
1352 4080 1579 4159 illdlproouo
1598 4118 1629 4125 -

319 4188 372 4241 ooo
388 4166 554 4253 rarenter
576 4186 762 4253 namugo
783 4186 923 4241 sumre
937 4202 965 4241 m
989 4215 1023 4225 -
1047 4189 1099 4243 see
1123 4186 1243 4243 rerer
1268 4188 1364 4243 texam
1378 4202 1407 4241 m
1429 4186 1629 4243 intumum

314 4285 408 4353 ponde
422 4298 451 4338 m
470 4316 505 4325 -
524 4285 576 4338 264
597 4284 671 4338 taetre
687 4281 745 4351 lge
768 4283 838 4339 taeos
851 4299 882 4338 nr
901 4312 935 4321 -
955 4286 1006 4339 265
1021 4286 1231 4356 peregrinantes
1248 4298 1265 4339 o
1285 4312 1318 4323 -
1337 4285 1389 4339 269
1403 4286 1550 4354 pontoque
1566 4284 1629 4339 imo

317 4387 497 4453 ponteeqoeg
519 4380 692 4450 sequerer!
718 4410 750 4417 -
773 4382 826 4437 270
848 4380 975 4451 Mittitel
998 4385 1122 4438 mittem
1146 4384 1292 4439 adsidere
1310 4398 1326 4437 o
1351 4412 1384 4421 -
1409 4384 1461 4437 272
1486 4384 1518 4438 de
1535 4382 1576 4439 el
1598 4408 1627 4419 ··

319 4482 371 4535 274
397 4479 490 4536 dmwl
517 4494 627 4535 ornam
647 4478 692 4546 (L)
718 4508 750 4515 -
775 4480 827 4534 275
848 4482 1033 4551 inpuppesg
1058 4482 1178 4551 stole
1201 4486 1328 4553 eme
1346 4482 1531 4553 autpswibue
1549 4496 1578 4537 un
1596 4506 1626 4517 -

318 4569 371 4633 ‘278
398 4580 535 4633 eurinom
566 4606 598 4614 -
626 4576 677 4631 279
701 4579 831 4646 persenit
849 4562 872 4599 ‘¹¹
892 4576 989 4635 usual
1020 4610 1052 4618 —
1081 4580 1134 4635 280
1152 4582 1238 4635 uincit
1258 4584 1318 4635 eto
1345 4579 1372 4647 (r
1390 4578 1419 4635 in
1441 4592 1532 4647 marg.
1551 4578 1573 4646 l)
1595 4602 1628 4614 -

319 4679 369 4731 281
390 4678 525 4731 mnodum
538 4690 575 4729 nr.
