3642 5259
316 415 379 479 118
770 474 774 481 ‚
803 405 890 462 mser
907 403 955 462 ιν.
994 404 1144 462 sse-sse.

418 626 519 694 sosio
542 624 604 691 erit
626 629 659 689 et
680 622 775 689 sodes
798 621 955 708 fugienda
977 620 1181 707 petendsque
1205 619 1337 705 suique,

472 734 519 799 sio
542 732 705 820 speranda
725 729 817 810 fides,
841 730 888 795 sie
911 734 945 794 et
967 728 1142 793 metuende
1163 727 1295 814 pericla,

473 846 509 905 ut
531 861 634 926 genus
656 840 690 904 in
713 844 835 903 terram
858 836 948 903 eaelo
971 834 1139 901 deseendit
1161 834 1203 901 ab
1227 835 1302 900 alto.
1339 853 1342 863 ¹

527 947 658 1034 peroipe
680 966 768 1011 nuno
790 944 898 1025 etiam,
923 965 1007 1030 quae
1031 943 1096 1009 sint
1118 942 1268 1028 ecliptica
1290 938 1391 1007 Graio

474 1054 614 1136 nomine,
639 1054 726 1141 quod
749 1058 853 1118 certos
877 1052 971 1138 quasi
994 1051 1156 1117 delassata
1178 1071 1238 1135 per
1261 1070 1363 1115 annos

421 1184 462 1229 sao
476 1182 720 1249 nonnumquam
744 1165 872 1226 cessant
894 1158 996 1225 sterili
1018 1158 1180 1245 torpentia
1202 1163 1302 1222 motu.

476 1271 598 1337 seilieet
620 1270 768 1337 inmenso
791 1268 874 1334 nihil
896 1274 946 1333 est
968 1267 1104 1353 aequale
1128 1264 1188 1333 sub
1212 1286 1294 1331 aeno

477 1383 714 1464 perpetuosque
736 1382 827 1442 tenet
846 1376 944 1441 flores
967 1395 1133 1461 unumque
1156 1378 1318 1454 tenorem;

476 1492 644 1551 mutantur
665 1484 723 1551 sed
746 1489 861 1550 ennete
885 1483 938 1549 die
960 1483 1153 1567 uariantque
1177 1502 1234 1567 per
1258 1502 1369 1547 annos.

477 1598 511 1658 et
532 1592 674 1659 feounda
696 1591 764 1657 suis
787 1591 965 1657 subsistunt
987 1588 1135 1675 frugibus
1158 1610 1238 1654 arua

425 1722 466 1768 sse
479 1701 715 1786 continuosque
737 1704 859 1786 negant
880 1706 993 1785 partus
1017 1698 1114 1764 effeta
1137 1696 1287 1762 creando.

478 1828 591 1874 rursus
614 1827 699 1893 quae
721 1808 851 1873 fuerant
873 1806 999 1872 steriles
1022 1805 1064 1871 sd
1088 1804 1212 1870 semina
1234 1810 1351 1885 terreo,

480 1920 554 2000 post
575 1936 663 1981 noua
686 1914 851 1981 sufficiunt
873 1914 962 1979 nnllo
986 1913 1162 1981 mandante
1185 1912 1314 1979 tributa.

362 2063 365 2069 ·
482 2022 663 2088 eoneutitur
685 2022 782 2088 tellus
804 2021 921 2088 ualidis
945 2020 1156 2109 compagibus
1178 2020 1318 2085 haerens

482 2129 696 2216 subdueitque
720 2129 824 2195 solum
847 2129 995 2215 pedibus,
1019 2133 1110 2194 natet
1133 2126 1219 2193 orbis
1241 2126 1276 2191 in
1298 2125 1369 2212 ipso

376 2256 379 2260 ·
428 2242 517 2303 meet
538 2237 630 2302 nenit
652 2258 792 2303 ooeanus
814 2242 949 2324 pontum
974 2236 1150 2321 sitiensque
1172 2233 1307 2299 resoluit

484 2364 545 2409 nso
567 2365 638 2410 sese
660 2344 729 2430 ipse
752 2344 848 2431 sapit.
895 2344 941 2409 sio
964 2342 1128 2429 qnondam
1152 2346 1309 2407 merserat
1330 2340 1437 2423 urbes,

483 2450 616 2516 humani
639 2451 769 2537 generis
791 2472 866 2517 eum
888 2451 976 2516 solus
1000 2450 1143 2515 constitit
1162 2449 1258 2513 heres

485 2556 668 2623 Deucalion
690 2558 888 2645 scopuloque
912 2557 1023 2624 orbem
1047 2556 1189 2643 possedit
1211 2557 1244 2621 in
1269 2576 1344 2621 uno.

485 2685 547 2731 nee
569 2687 645 2747 non,
669 2688 742 2731 eum
765 2666 889 2752 patrias
911 2664 1082 2731 Phaethon
1104 2664 1276 2750 temptauit
1298 2662 1454 2743 habenas,

433 2794 474 2840 aas
488 2778 637 2840 arserunt
659 2780 783 2859 gentes,
806 2774 977 2860 timuitque
999 2772 1151 2839 incendia
1174 2772 1311 2855 eaelum,

487 2879 706 2966 fugeruntque
728 2902 831 2947 nouas
855 2880 1003 2947 ardentia
1025 2880 1132 2946 sidera
1153 2879 1313 2959 flammas,

487 2992 584 3072 atque
606 3008 672 3053 uno
695 2988 803 3055 timuit
824 2988 921 3054 oondi
944 2994 1060 3055 natum
1082 2988 1240 3075 sepulcro.

489 3094 522 3160 in
545 3100 673 3160 tantum
694 3095 792 3183 longo
814 3102 982 3162 mutantur
1003 3102 1150 3182 tempore
1173 3100 1290 3161 eunota

369 3237 373 3244 ·
489 3206 587 3287 atque
608 3203 726 3269 iterum
748 3204 783 3269 in
806 3210 908 3270 semet
930 3204 1076 3269 redeunt.
1124 3204 1169 3269 sio
1192 3209 1337 3289 tempore
1361 3207 1448 3267 oerto

420 3308 584 3394 ⁸esosignu
607 3331 735 3396 quoque
758 3312 911 3377 amittunt
933 3312 1020 3377 uires
1042 3318 1239 3398 sumuntque
1261 3316 1417 3397 receptes.

491 3437 590 3483 eausa
612 3424 712 3504 patet,
735 3420 822 3505 qnod
845 3421 923 3485 luna
946 3420 1063 3505 quibus
1087 3419 1206 3485 defoeit
1228 3418 1262 3483 ih
1285 3418 1390 3498 astris,

492 3525 572 3592 orba
593 3528 644 3591 sui
667 3526 776 3593 fratris
798 3528 968 3614 noctisque
991 3528 1133 3593 inmersa
1156 3526 1310 3609 tenebris,

492 3652 567 3697 oum
589 3634 713 3701 medios
735 3635 860 3702 Phoebi
883 3636 993 3701 radios
1016 3636 1179 3721 interoipit
1201 3635 1297 3715 orbis,
1390 3690 1392 3697 .

492 3761 553 3805 neo
575 3742 675 3808 trahit
696 3744 738 3809 ud
762 3766 796 3810 se
820 3750 899 3819 tum,
924 3765 988 3830 quo
1011 3744 1124 3829 fulget,
1149 3742 1246 3808 Delia
1268 3743 1390 3825 lumen,

440 3868 480 3915 an
494 3847 574 3915 baso
597 3872 725 3938 qnoque
749 3852 843 3939 signa
865 3873 924 3917 suo
947 3852 1068 3939 paritor
1091 3872 1165 3917 oum
1188 3851 1292 3916 sidere
1315 3849 1473 3935 languent

441 4043 495 4099 816
512 4043 550 4100 sie
561 4048 615 4101 eto
629 4075 661 4084 -
675 4046 744 4102 ants
757 4049 811 4103 818
823 4045 869 4102 De
880 4045 1006 4116 ediptieie
1017 4045 1100 4116 signia
1111 4060 1152 4115 go
1170 4044 1202 4099 cte
1214 4042 1363 4113 ecliptietsl
1381 4043 1422 4111 (in
1437 4041 1540 4111 marg.)
1561 4042 1653 4099 ΗΕΒ

332 4137 448 4208 olibetis
472 4141 601 4213 equom
629 4144 672 4213 (iu
691 4144 795 4214 marg.)
821 4174 857 4183 -
885 4146 939 4201 820
966 4162 1022 4200 aon
1045 4159 1174 4214 amqssam
1193 4157 1221 4198 m
1251 4172 1284 4180 -
1313 4144 1364 4198 821
1394 4141 1514 4196 tammo
1531 4156 1588 4210 gm
1616 4172 1649 4180 —

335 4238 389 4293 882
403 4240 547 4296 tanmem
561 4270 593 4280 -
606 4243 660 4298 888
672 4245 818 4297 mutuatae
830 4257 903 4297 sorr.
917 4258 952 4297 ex
965 4242 1109 4298 mittantur
1118 4256 1146 4296 m
1160 4240 1235 4296 diuo
1248 4266 1283 4278 -
1300 4240 1352 4296 825
1365 4238 1435 4307 esem
1444 4254 1472 4294 m
1489 4237 1602 4309 effoeml
1616 4268 1648 4277 —

336 4337 390 4393 888
407 4334 777 4399 nortboterl'eltsroem
798 4339 1185 4397 -ssttoneaitorssdaito
1210 4368 1242 4376 —
1267 4340 1318 4395 831
1338 4330 1389 4393 se⁸⁰
1413 4336 1647 4408 ipselses'psem

335 4428 558 4497 wwlurtsm
583 4441 705 4509 oroemg
726 4439 832 4495 arten
852 4468 885 4477 —-
904 4432 1100 4509 ssspasetsl
1119 4472 1153 4480 —
1176 4438 1229 4495 835
1247 4428 1414 4493 allmmtm
1435 4466 1467 4474 -
1487 4436 1539 4492 sm
1560 4436 1652 4491 timsstt

337 4528 1649 4608 oorr.extimeatmsspolchrolm-838mutbtarltempomo-Mlqswodesseen‘tm-

337 4620 821 4694 wesmsrsalm—Ssstrcb‘tl
843 4634 982 4691 trattitm
1005 4635 1070 4691 mlo
1092 4620 1347 4705 ostomlceoamg
1369 4634 1484 4689 emme
1506 4638 1651 4692 mmmm

338 4730 1040 4805 lamentamu-osolasquttlunpoetm.
