3642 5259
775 368 862 427 {ather
879 368 926 425 Ν.
963 368 1115 427 874-808.

443 595 477 655 et
499 587 651 655 frendere
674 586 777 668 bonis,
801 608 885 673 quse
908 608 969 653 nec
993 586 1073 652 deus
1096 585 1222 650 inuidet
1244 586 1323 671 ipsc,

389 719 430 763 ers
444 717 590 782 quosque
613 695 701 760 dedit
724 700 841 759 natura
863 695 973 759 oculos
996 694 1158 779 deponere
1181 693 1322 759 mentis?

443 805 655 890 perspicimus
678 803 818 883 ceelum3
842 824 900 868 cur
923 823 988 868 uon
1012 808 1045 866 et
1067 822 1204 866 munere
1227 801 1330 865 eecli?

441 912 540 998 inque
562 912 650 997 ipsos
672 908 803 997 penitus
825 910 939 975 mundi
962 908 1159 975 descendere
1183 929 1299 973 census

444 1018 686 1104 seminibusque
709 1018 776 1083 suis
799 1022 923 1082 tentem
947 1036 1141 1103 componere
1165 1016 1284 1083 molem

444 1132 478 1191 et
499 1131 629 1213 partum
652 1124 734 1191 eseli
758 1146 898 1210 suuper
922 1124 1061 1189 nutricis
1083 1125 1169 1189 ferre

390 1241 690 1320 secextremumque
712 1232 805 1319 sequi
826 1238 963 1318 pontum
986 1237 1156 1318 terraeque
1179 1232 1288 1297 subire

444 1341 615 1428 pendentis
639 1345 761 1407 tractus
784 1345 817 1405 et
840 1347 906 1405 toto
931 1341 1043 1405 uiuere
1066 1340 1100 1406 iu
1123 1341 1212 1422 orbe,

445 1454 567 1536 quante
589 1454 622 1513 et
644 1470 720 1535 pers
742 1454 900 1535 superest,
924 1448 1083 1513 rationem
1106 1448 1225 1514 ducere
1248 1448 1358 1515 nostis.

444 1557 510 1622 ism
533 1577 695 1642 nnsquern
717 1562 835 1621 nature
857 1556 951 1638 letet3
974 1555 1175 1642 peruidimus
1199 1576 1328 1621 omnem

446 1670 479 1728 et
501 1670 596 1750 cepte
618 1664 761 1749 petimur
783 1663 905 1731 munde
930 1670 1140 1749 nostrumque
1162 1670 1331 1749 parentem

392 1793 433 1839 eru
447 1791 523 1857 pers
545 1792 605 1836 sue
626 1771 850 1858 perspicimus,
874 1772 1040 1857 genitique
1063 1771 1247 1837 accedimus
1270 1771 1375 1837 astris.

444 1901 487 1944 en
510 1879 645 1944 dubium
668 1886 728 1962 est,
751 1880 898 1947 habitere
921 1879 1018 1945 deum
1043 1880 1102 1945 sub
1126 1885 1256 1965 pectere
1279 1885 1400 1961 nostro,

446 1985 480 2052 in
504 1986 695 2073 caelumque
717 1988 825 2053 redire
848 1987 974 2053 enimse
997 1987 1152 2073 caeloque
1175 1986 1310 2052 uenire?

447 2098 546 2179 utque
570 2094 612 2159 sit
634 2116 674 2160 ex
697 2096 786 2161 omni
810 2100 1013 2160 constructus
1037 2114 1171 2180 corpore
1194 2094 1343 2175 mundus,

428 2200 530 2266 ,ueris
554 2207 651 2287 utque
674 2203 760 2289 ignis
783 2203 901 2268 summi
925 2208 1095 2288 terraeque
1119 2202 1294 2287 marisque,

392 2308 579 2394 suspiritus
602 2315 636 2374 et
657 2316 746 2376 motu
769 2310 895 2396 rapido,
920 2330 1003 2395 quae
1025 2310 1124 2391 insse,
1147 2310 1317 2395 gubernet,

447 2415 494 2480 sic
517 2438 588 2482 esse
610 2417 645 2482 in
668 2418 762 2483 nobis
784 2423 935 2483 terrenae
958 2438 1095 2503 corpore
1117 2418 1213 2482 sortis

447 2526 707 2612 sanguineasque
729 2524 866 2606 animas,
890 2525 1046 2607 animum,
1071 2526 1126 2610 qui
1150 2530 1266 2589 cuncte
1288 2525 1449 2610 gubernet

449 2632 678 2719 dispensetque
701 2632 886 2698 hominem?
934 2631 1012 2718 quid
1035 2633 1162 2713 mirum,
1187 2653 1322 2698 noscere
1346 2632 1501 2697 mundum

450 2739 478 2805 si
500 2746 636 2826 possunt
657 2740 815 2822 hemines,
839 2740 958 2827 quibus
980 2747 1030 2805 eet
1052 2747 1085 2805 et
1107 2740 1248 2806 mundus
1270 2741 1305 2805 in
1327 2741 1416 2826 ipsis,

396 2870 436 2914 see
450 2847 701 2934 exemplumque
724 2848 777 2913 dei
799 2849 937 2934 quisque
960 2854 1009 2913 est
1031 2849 1065 2912 in
1089 2848 1231 2933 imagine
1254 2847 1378 2934 perus?

448 2976 490 3020 en
514 2955 665 3041 cuiqnam
688 2956 823 3041 genitos,
848 2954 913 3021 nisi
935 2955 1036 3037 caelo,
1061 2955 1193 3020 credere
1216 2955 1266 3020 fes
1290 2961 1340 3020 est

448 3082 519 3127 esse
542 3061 710 3128 hemines?
755 3063 901 3148 proiectu
924 3062 1030 3127 iacent
1053 3062 1207 3127 animalia
1231 3068 1347 3128 cuncte

448 3169 482 3234 in
505 3175 593 3235 terre
614 3170 668 3235 uel
690 3190 798 3235 merse
820 3170 913 3235 undis
935 3170 989 3235 uel
1011 3170 1044 3234 in
1068 3177 1143 3234 cere
1168 3168 1325 3255 pendent;

448 3275 600 3342 omnibus
623 3298 688 3342 unc
711 3277 813 3363 quies,
837 3284 953 3343 uenter
976 3298 1156 3363 censusque
1178 3298 1236 3363 per
1260 3284 1358 3357 ertue,

395 3405 436 3449 sce
450 3390 482 3448 et
505 3385 583 3470 quie
605 3386 776 3451 consilinm
799 3406 864 3451 non
887 3392 946 3469 est,
970 3391 1003 3451 et
1024 3387 1137 3471 lingue
1160 3386 1304 3451 remisse.

449 3492 545 3557 unius
568 3492 730 3578 inspectus
753 3514 863 3559 rerum
885 3494 1037 3580 uiresque
1060 3493 1214 3579 loquendi

449 3599 680 3686 ingeniumque
703 3622 820 3687 cepsx3
844 3602 1017 3687 uariasque
1041 3601 1188 3666 educitur
1211 3607 1297 3666 artes

449 3705 502 3771 hic
525 3712 646 3793 pertus,
671 3709 728 3795 qui
750 3715 867 3776 cuncte
889 3708 987 3795 regit:
1013 3708 1145 3775 secessit
1165 3710 1199 3773 in
1222 3708 1329 3791 urbes,

396 3989 1232 4074 ctem⁶‘msmal-ertmsmlg-eteenpmmem
1246 4001 1609 4069 -87911ivir501'ssmffl-

289 4100 719 4171 scoparum-sesemet«
735 4105 788 4159 etc
804 4105 963 4159 retienemc
981 4100 1246 4169 discerenccts‘eglr
1265 4099 1557 4157 numerosum
1574 4130 1609 4140 -

289 4197 343 4253 889
369 4196 510 4253 acmo
538 4199 718 4268 kwuqoelm
746 4230 780 4238 -
808 4202 861 4258 890
887 4200 1090 4269 recenseret
1119 4202 1244 4255 tctmnm
1270 4196 1292 4267 ΗΙ
1314 4200 1441 4267 ettotog
1463 4198 1611 4255 ettctclc

289 4292 398 4350 ium
422 4296 627 4367 eademstlg
654 4298 1041 4369 pubemetcpube-nmtm
1068 4326 1100 4336 -
1126 4299 1178 4354 891
1208 4300 1378 4351 terrestrem
1403 4302 1542 4365 cemmeg
1573 4296 1645 4335 -'

290 4395 344 4450 898
360 4392 466 4449 tenta
483 4392 497 4465 Η
511 4413 526 4451 c
542 4395 640 4466 qss‘dg
657 4396 832 4466 dupimtm
846 4425 879 4434 -
892 4398 947 4452 894
963 4395 1088 4452 collocet
1105 4397 1172 4465 post
1188 4396 1274 4463 8953
1291 4393 1409 4449 munden
1422 4393 1489 4462 ipsis
1502 4408 1558 4461 gm
1574 4424 1609 4434 —

290 4476 1611 4565 cecmowqmmo-seemnqseoaml(redc.ccrr.)-901unur⁸inspoetml

290 4608 362 4648 snus
379 4592 608 4663 aesrpectusgc
625 4592 887 4661 minrpcetusrn
906 4590 1073 4661 leqrrendam
1097 4620 1128 4631 -
1149 4592 1202 4649 908
1220 4592 1351 4665 φοίοαφω
1369 4590 1464 4665 rogito
1487 4588 1526 4645 sic
1543 4591 1614 4649 cctl

290 4690 466 4762 cimmo
483 4691 522 4747 sir
539 4696 648 4747 ersctm
665 4690 696 4745 in
713 4690 806 4759 orceg
823 4692 856 4745 in
873 4690 1033 4747 ordeelmc.
