3642 5259
780 319 865 375 Liber
884 319 918 375 ll.
955 319 1104 373 tos-735.

449 544 480 603 et
503 539 604 603 tutela
626 538 710 601 foret
733 536 896 601 communi
921 540 1034 600 mutua
1056 556 1163 599 eausa.

447 646 567 711 ideireo
592 666 788 733 quamquam
812 644 913 728 signis
936 648 1111 707 nascantur
1134 642 1267 719 eisdem,

444 754 589 819 diuersos
612 752 757 818 referunt
779 773 885 819 mores
907 751 1104 835 inimicaque
1129 756 1219 829 uota3

448 868 480 927 et
502 883 599 948 saepe
622 862 656 926 in
677 860 818 946 pecudes
842 865 929 924 errat
950 865 1078 938 natura,
1101 878 1290 942 maremque

394 993 434 1033 uo
447 970 570 1035 femina
594 968 814 1053 subsequitum
837 968 1015 1032 miscentur
1038 967 1146 1031 sidera
1167 972 1289 1051 partus,

448 1078 576 1163 singula
599 1077 712 1141 diuisis
735 1074 864 1140 uariant
887 1074 974 1160 quod
996 1074 1142 1160 partibus
1165 1079 1253 1138 astra

449 1184 715 1250 dodeoatemoriis
738 1183 885 1269 proprias
909 1182 1069 1247 mutantia
1091 1182 1187 1245 uires.

448 1314 534 1357 nune
557 1292 635 1378 quid
658 1293 722 1356 sint
743 1292 898 1375 ouiueque
922 1311 1049 1372 eanum,
1074 1310 1180 1374 quoue
1203 1289 1316 1353 ordine
1340 1292 1497 1368 constent,

446 1421 488 1465 ne
511 1421 613 1485 uagus
636 1400 755 1485 ignotis
778 1398 945 1483 signorum
967 1397 1114 1483 partibus
1138 1416 1236 1461 erres.

394 1509 519 1594 nsipsa
542 1529 600 1572 suo
623 1507 764 1572 retinent
786 1507 907 1591 primas
931 1506 965 1569 in
989 1525 1123 1590 corpore
1146 1511 1255 1590 partes

448 1616 568 1693 sidere3
593 1614 720 1679 uicinae
744 1613 957 1678 subeuntibus
980 1612 1208 1677 attribuuntur.

448 1728 556 1787 cetera
579 1742 637 1807 pro
660 1742 796 1786 numero
820 1720 943 1785 ducunt
966 1740 1006 1785 ex
1029 1720 1142 1784 ordine
1164 1726 1284 1805 partes,

449 1830 561 1894 ultima
583 1834 615 1893 et
639 1830 790 1894 extremis
813 1827 895 1893 ratio
920 1828 1108 1893 conceditur
1130 1828 1235 1893 ostris.

445 1938 573 2022 singula
597 1938 643 2001 sio
665 1938 807 2002 retinent
830 1936 923 2001 binae
946 1937 981 2001 in
1004 1936 1110 2001 sidera
1133 1957 1263 2021 quoque

394 2068 435 2112 rao
448 2044 663 2129 dimidiaeque
687 2046 736 2110 sui
757 2050 868 2129 partes
890 2052 924 2108 et
946 2064 1074 2109 summa
1096 2044 1239 2129 repletur

449 2151 589 2217 sortibus
612 2152 733 2216 exactis
757 2152 889 2237 triginta
913 2150 1019 2216 sidere
1041 2152 1076 2216 in
1099 2152 1197 2217 omni.

501 2280 562 2323 noo
585 2280 687 2345 genus
711 2266 760 2324 est
781 2281 892 2342 unum,
916 2260 999 2324 ratio
1023 2280 1083 2324 nee
1107 2259 1235 2344 prodita
1258 2259 1403 2345 simplex,

447 2366 594 2453 pluribus
617 2368 715 2452 inque
737 2365 842 2432 modis
866 2387 974 2431 rerum
997 2372 1116 2431 natura
1137 2367 1258 2431 locauit

448 2474 638 2560 diduxitque
662 2475 733 2539 uias
757 2475 923 2561 noluitque
947 2495 1006 2560 per
1028 2474 1138 2540 omnia
1160 2475 1283 2559 quaeri.

395 2604 435 2649 us
449 2582 530 2647 haee
554 2602 683 2667 quoque
706 2588 872 2668 comperta
895 2588 945 2648 est
967 2582 1049 2647 ratio
1073 2582 1132 2647 sub
1156 2583 1288 2647 nomine
1311 2581 1440 2646 eodem:

450 2709 653 2774 quacumque
676 2690 711 2753 in
733 2691 820 2776 parti
842 2696 1032 2755 nascentum
1057 2695 1202 2775 tempore
1224 2691 1304 2754 luna

349 2832 352 2839 ·
449 2796 636 2877 eonstiterit,
661 2798 804 2862 numeris
827 2798 911 2861 hano
936 2803 985 2861 ter
1008 2796 1143 2882 dispone
1166 2797 1344 2876 quaternis,

449 2904 578 2968 sublimi
602 2905 737 2971 totidem
760 2904 839 2990 quia
860 2904 988 2990 fulgent
1011 2904 1119 2969 sidera
1140 2904 1272 2969 mundo.

447 3011 523 3075 inde
547 3032 623 3076 suas
646 3011 693 3075 illi
718 3012 821 3095 signo,
845 3033 909 3097 quo
933 3012 1011 3076 luna
1034 3012 1169 3093 refulsit,

396 3140 436 3185 reo
449 3139 598 3203 quaeque
621 3118 698 3182 hino
721 3117 894 3183 defuerant
916 3125 1024 3205 partes
1048 3140 1220 3185 numerare
1243 3123 1415 3183 memento.

447 3226 596 3310 proxima
618 3226 757 3291 tricenas
781 3227 967 3313 pariterque
990 3228 1159 3313 sequentia
1183 3227 1313 3291 ducunt.

448 3332 501 3396 hie
524 3332 581 3397 ubi
603 3332 731 3399 deliciet
753 3355 919 3419 numerus,
943 3342 1019 3401 tuno
1042 3356 1170 3401 summa
1192 3335 1305 3401 relicta

449 3440 484 3503 in
507 3440 600 3505 binas
624 3446 726 3507 sortes
751 3442 877 3508 adiecta
899 3450 993 3529 parte
1016 3445 1141 3508 locetur

449 3547 593 3630 dimidie,
617 3549 751 3635 reliquis
773 3552 958 3617 tribuantm
980 3559 1017 3617 ut
1040 3551 1153 3617 ordine
1176 3551 1293 3636 signis3

396 3678 436 3721 res
449 3655 483 3719 in
508 3677 571 3741 quo
595 3657 781 3742 destituent,
804 3660 873 3725 eius
897 3666 965 3725 tum
988 3661 1067 3725 luna
1089 3658 1213 3724 tenebit

397 3851 449 3905 707
467 3858 646 3907 namuro
670 3881 703 3890 -
728 3854 780 3909 709
797 3850 902 3923 mallit
918 3854 948 3920 (n
966 3851 1120 3921 erasum)l
1139 3858 1235 3908 mont
1251 3869 1278 3909 m
1297 3859 1425 3925 motgo
1447 3855 1559 3908 motura
1575 3866 1606 3905 m

289 3950 482 4017 mnusque
496 3976 528 3986 -
550 3949 923 4019 siusiumopartuo-
938 3954 990 4008 713
1007 3950 1118 4020 quodm
1134 3951 1271 4021 sitlgmo
1289 3954 1426 4010 misereo
1444 3950 1606 4018 uimque

288 4062 388 4115 quoque
403 4060 419 4100 c
435 4062 519 4115 quoru
533 4062 555 4098 ω
571 4051 736 4117 margin
753 4052 903 4105 muoso
920 4049 1064 4105 maerentl
1082 4079 1115 4087 -
1129 4050 1406 4120 lllueqlnocgcm
1422 4082 1454 4091 -
1471 4047 1607 4118 litaret

287 4147 515 4212 augin-716
527 4144 1132 4203 uunuomuibuuuturm-mriderao
1146 4178 1178 4185 —
1193 4149 1245 4204 723
1257 4124 1415 4217 inditium
1427 4147 1606 4227 iuqroege-

290 4240 343 4297 rar
365 4242 561 4312 uetustum
587 4274 619 4281 -
643 4246 695 4300 ue
718 4239 1171 4315 monuo'parumcparu
1187 4262 1209 4297 ω
1229 4251 1377 4317 temporeo
1397 4276 1429 4284 -
1450 4247 1502 4300 us
1520 4228 1573 4327 toa
1595 4245 1606 4300 1

288 4340 926 4412 quoogsulqeutom.m—730quooetlrilluol
939 4344 1605 4414 quoetlmromquoedlrincgedefsaerauto—

290 4438 341 4492 731
365 4436 662 4509 positerllloeuteutial
685 4440 794 4509 pariter
815 4440 984 4510 emteutiog
1006 4442 1166 4511 pariterque
1187 4444 1322 4497 mutatur
1341 4458 1392 4498 om
1419 4443 1520 4499 ducum
1536 4443 1606 4499 lmo

289 4534 398 4605 duoitg
426 4563 458 4574 -
483 4538 536 4592 732
561 4526 730 4607 lhililu'ge
754 4538 844 4592 tibin]
869 4566 902 4575 -
927 4540 979 4593 734
1001 4538 1217 4609 dtuldiomlgo
1239 4539 1395 4606 dimdium
1420 4541 1606 4609 trduoutm

288 4634 320 4689 iu
338 4634 455 4690 ordmel
475 4666 507 4674 -
528 4636 579 4691 735
598 4650 682 4707 quoo
702 4639 727 4691 te
744 4636 877 4690 irutumo
896 4636 999 4691 uidebit
1011 4652 1034 4691 c.

1017 4813 1075 4878 ,f

556 4858 685 4915 ,atqu
725 4822 901 4927 ‘'thi

533 4887 631 4928 W.
680 4898 720 4931 *l
753 4887 879 4933 ·⁴l'
