3642 5259
687 397 773 457 Liber
790 397 811 455 1.
849 400 1001 456 att-tot.

403 616 510 703 aspice
533 637 619 682 uunc
641 616 729 681 inira
751 616 828 681 solis
851 617 1017 703 surgentia
1040 636 1153 680 cursus

349 747 433 812 quse
456 746 554 811 super
577 731 706 790 exustas
729 725 882 790 labuntur
905 725 1013 790 sidera
1034 731 1149 806 terras,

295 856 335 897 crs
348 854 498 919 quaeque
520 834 605 898 inter
627 833 770 917 gelidum
795 833 976 918 capricorni
999 832 1089 897 sidus
1112 840 1144 896 et
1167 852 1229 896 axe

349 941 413 1006 imo
438 941 611 1007 subnixum
634 948 806 1007 uertuntur
828 942 952 1007 lumina
974 940 1141 1020 mundum,

347 1050 450 1114 altera
472 1069 549 1134 pars
571 1049 659 1113 orbis
682 1049 742 1114 sub
765 1050 838 1135 quis
861 1050 945 1113 iecst
966 1048 1057 1113 inuis
1080 1047 1173 1113 nobis

348 1156 543 1242 ignotaeque
566 1156 734 1221 hominum
757 1162 871 1241 gentes
895 1178 955 1220 nec
977 1156 1114 1221 transitu
1136 1176 1238 1241 regna

350 1284 521 1328 commune
544 1285 585 1327 ex
606 1285 671 1329 uuo
694 1264 803 1328 lumen
827 1264 980 1328 ducentia
1003 1264 1071 1329 sole

295 1392 336 1437 sso
349 1370 559 1456 diuersasque
582 1371 713 1436 umbras
736 1370 896 1457 laeuaque
921 1369 1071 1436 cadentia
1093 1371 1186 1456 signa

349 1484 381 1543 et
404 1478 534 1545 dextros
557 1483 647 1543 ortus
670 1478 760 1545 caelo
784 1477 964 1565 spectantia
987 1498 1092 1542 uerso.

349 1606 410 1651 nec
432 1586 539 1650 minor
561 1585 695 1651 estillic
718 1586 858 1651 muudus
882 1606 943 1650 nec
965 1586 1088 1650 lumine
1111 1585 1211 1671 peior,

349 1714 409 1758 noc
433 1714 606 1759 numerosa
628 1695 735 1759 minus
759 1699 937 1759 nascuntur
959 1693 1066 1758 sidera
1089 1694 1122 1757 in
1147 1693 1267 1757 orbem.

350 1806 457 1866 cetera
480 1822 546 1867 non
569 1801 702 1882 cedunt3
726 1822 791 1866 uno
815 1802 991 1865 uincuntur
1013 1802 1046 1864 in
1070 1805 1171 1865 astro:

295 1931 336 1973 ssa
350 1906 512 1991 Angusto,
537 1905 632 1972 cidus
655 1909 767 1971 nostro
791 1904 877 1987 quod
901 1904 1038 1989 contigit
1062 1904 1141 1988 orbi,

351 2011 473 2081 caesar
497 2034 587 2079 nunc
611 2012 719 2097 terrie,
740 2018 818 2097 post
841 2012 930 2078 coelo
952 2011 1124 2077 maximas
1148 2016 1271 2078 auctor.

350 2144 482 2189 cernere
505 2123 650 2189 uicinum
674 2124 811 2209 geminis
834 2124 911 2189 licet
934 2121 1067 2205 Orione,

349 2232 383 2295 in
406 2253 560 2317 magnam
583 2232 665 2297 caeli
688 2232 873 2298 tendentem
897 2232 1052 2297 bracchia
1074 2220 1211 2318 purtem,

350 2359 409 2403 nec
433 2339 541 2404 minus
564 2346 694 2405 extento
718 2346 904 2425 surgentem
929 2340 971 2405 ad
994 2340 1102 2404 sidera
1124 2361 1233 2425 passu,

296 2468 337 2510 coo
351 2446 478 2531 singula
500 2446 653 2532 fulgentis
677 2468 806 2512 umeros
830 2448 882 2512 cui
905 2448 1030 2514 lumina
1052 2449 1192 2532 signant,

350 2560 383 2618 et
404 2554 507 2619 tribus
531 2555 669 2641 obliquis
693 2556 852 2621 demissus
876 2556 1005 2620 ducitur
1028 2557 1122 2620 ensis.

351 2668 384 2725 st
407 2669 505 2748 caput
528 2662 631 2728 Orion
655 2664 782 2728 excelso
806 2664 967 2729 inmersus
991 2663 1129 2750 Olympo
1148 2730 1156 2743 ,

349 2790 408 2854 per
430 2770 493 2834 tria
516 2770 674 2836 subducto
698 2771 845 2856 signatur
867 2770 993 2835 lumina
1015 2771 1123 2851 uultu3

351 2896 416 2941 non
438 2877 526 2963 quod
550 2878 777 2961 domminus,
801 2879 857 2944 sed
880 2878 968 2964 quod
992 2878 1095 2963 magis
1119 2878 1185 2943 alta
1207 2876 1372 2941 recedunt.

297 3004 336 3047 aas
349 2984 411 3049 hoc
434 2984 516 3049 duce
540 3006 598 3072 per
620 2992 723 3052 totum
748 2986 924 3052 decurrunt
946 2986 1055 3051 sidera
1076 2986 1243 3050 mundum.

351 3092 558 3178 subsequitur
580 3094 694 3178 rapido
718 3100 871 3160 contente
894 3094 1042 3159 canicula
1066 3115 1172 3175 cursu,

351 3220 415 3284 qua
438 3201 563 3267 nullum
588 3202 682 3267 terris
704 3202 879 3267 uiolentius
902 3202 1036 3267 aduenit
1059 3208 1182 3266 astrum

350 3328 412 3373 nee
434 3310 566 3395 grauius
591 3308 689 3389 oedit3
713 3331 800 3375 nuno
821 3309 954 3375 horrida
977 3310 1098 3393 frigore
1122 3310 1225 3393 surgit

351 3435 437 3479 nunc
460 3437 600 3481 uacuum
625 3418 684 3481 soli
708 3418 887 3503 fulgentem
911 3417 1031 3482 deserit
1054 3417 1174 3481 orbem.

297 3523 396 3587 soosic
419 3524 452 3588 in
477 3532 651 3609 utrumque
674 3532 784 3590 mouet
807 3526 964 3590 mundum
988 3531 1020 3589 et
1044 3525 1205 3589 contraria
1228 3522 1341 3587 reddit.

352 3630 435 3696 hanc
460 3633 515 3717 qui
538 3639 735 3718 surgentem,
759 3634 863 3718 primo
888 3654 963 3697 cum
985 3632 1132 3697 redditur
1155 3638 1238 3714 ortu,

350 3738 469 3804 montis
493 3740 534 3805 ab
558 3742 685 3805 excelso
710 3741 918 3826 speculantur
941 3741 1062 3805 uertice
1086 3740 1197 3819 Tauri,

298 3954 350 4009 373
368 3952 478 4009 intuo
501 3954 655 4022 apeme
670 3953 773 4009 ascet
789 3968 815 4008 m
836 3954 878 4020 (in
899 3967 991 4022 marg.
1011 3953 1096 4021 corr.)
1113 3967 1228 4009 cumo
1253 3982 1284 3990 —
1308 3952 1361 4007 376
1378 3951 1468 4007 sidera
1485 3966 1504 4021 g

189 4050 327 4105 luminati
346 4051 482 4107 mondum
497 4067 517 4121 3
534 4052 634 4107 mando
647 4067 668 4103 o
683 4082 715 4090 -
729 4054 781 4107 377
799 4052 848 4107 sat
863 4049 884 4122 iii
899 4054 969 4107 necet
980 4067 1000 4121 3
1013 4052 1102 4121 (aquis
1113 4051 1181 4107 edd.
1195 4052 1225 4108 in
1241 4065 1331 4120 marg.
1344 4064 1421 4106 man.
1436 4050 1505 4118 rec.)

187 4150 237 4204 sub
255 4149 315 4219 quis
332 4150 440 4205 icosio
458 4184 493 4191 -
512 4153 566 4207 380
584 4152 735 4221 leucquem
754 4152 928 4221 musqueto
948 4152 1044 4205 -381
1064 4151 1280 4220 commeasse
1299 4165 1326 4203 m
1347 4183 1381 4190 -
1401 4151 1454 4204 383
1472 4149 1505 4204 ia

188 4249 394 4316 osteo-385
413 4249 511 4317 qando
530 4252 632 4306 -388
652 4250 948 4306 tendentem—389
965 4248 1079 4304 eidcral
1098 4248 1279 4304 madorem
1298 4248 1504 4315 omadgc-

188 4348 243 4402 390
259 4346 387 4415 fulqeats'o
399 4362 428 4402 m
449 4348 583 4416 sagenas
595 4364 617 4400 c
639 4347 764 4405 hammes
775 4348 811 4418 lg
834 4322 941 4403 immor
953 4363 982 4402 m
1002 4377 1034 4385 -
1057 4349 1110 4402 399
1129 4363 1230 4402 mccc
1243 4360 1270 4400 m
1295 4348 1398 4414 (marg.
1419 4344 1504 4413 corr.)

187 4444 369 4500 inmensam
388 4446 606 4511 immenaelgc
634 4476 667 4487 -
697 4448 749 4501 393
767 4449 958 4519 agonumrm
987 4474 1020 4483 -
1049 4447 1102 4501 394
1120 4446 1276 4500 recedanto
1301 4473 1333 4481 -
1357 4446 1410 4498 398
1427 4458 1505 4497 acco

187 4542 298 4599 torrida
321 4542 357 4611 gl
391 4544 482 4599 orrida
505 4560 531 4599 m
559 4544 646 4599 rescit
667 4559 686 4613 g
716 4546 803 4615 sarmit
824 4562 845 4597 ω
868 4578 902 4587 -
926 4546 977 4599 399
1000 4544 1075 4597 Haec
1094 4544 1151 4612 lgc
1176 4561 1208 4597 aa
1227 4558 1254 4597 m
1281 4542 1342 4596 solie
1357 4541 1505 4609 folycntcm

187 4641 327 4696 deser-ito
357 4645 520 4713 sequuntur
549 4644 578 4697 in
602 4659 619 4697 o
648 4640 711 4697 ‘His
731 4642 854 4698 inter'-
871 4644 961 4697 sidera
983 4642 1053 4695 cocto
1079 4643 1220 4695 tta-529
1245 4668 1278 4677 —
1302 4640 1352 4693 401
1382 4638 1429 4705 φη·
1450 4651 1503 4702 gm

187 4758 270 4810 quam
289 4740 330 4795 lc.
