3642 5259
665 378 751 437 biber
769 381 816 439 IV.
853 382 1006 439 aee-309.

339 598 469 685 iamque
491 600 555 663 hue
579 577 675 686 atque
697 599 774 663 illuc
798 598 917 684 agilem
940 605 1129 664 conuertere
1153 599 1281 665 clauum

340 713 373 772 el
395 708 524 772 frenare
547 713 651 772 ratem
674 707 855 793 fluctusque
878 706 1034 772 effindere
1058 712 1173 789 rectos,

341 821 398 879 aut
419 814 517 879 remis
541 835 639 901 agere
662 820 695 878 et
716 815 822 879 lentas
844 814 1009 879 inflectere
1032 818 1157 894 tonsos3

230 947 248 987 .·
286 945 326 989 aaa
340 923 419 1008 quin
441 922 606 1007 placidum
630 922 734 988 ductis
757 944 908 988 errerrere
932 923 1053 987 retibus
1077 943 1199 1008 aequor

340 1029 553 1115 litoribusque
577 1030 644 1095 suis
667 1030 802 1115 populos
825 1050 988 1116 exponere
1012 1034 1121 1116 captos
1211 1023 1213 1032 ’

341 1145 397 1204 eut
419 1161 520 1205 uncos
544 1140 650 1204 celere
673 1139 754 1205 cibis
775 1146 833 1203 aut
855 1160 985 1205 earcere
1008 1139 1167 1205 fraudem.

341 1247 468 1311 naualis
492 1246 591 1312 etiam
614 1268 751 1333 pugnas,
774 1246 951 1332 pendentia
973 1246 1059 1311 bella

341 1354 523 1419 attribuunt
543 1354 716 1441 pelagique
739 1354 877 1419 inlectos
901 1355 1060 1439 sanguine
1082 1354 1208 1419 fluctus.

286 1484 328 1528 seo
341 1461 518 1527 fecundum
542 1483 644 1546 genus
668 1468 718 1527 est
740 1464 823 1527 natis
847 1468 880 1527 et
903 1463 1009 1527 amica
1031 1463 1181 1548 uoluptas

297 1620 319 1665 0
342 1575 375 1633 et
398 1569 519 1635 celeres
543 1576 649 1635 motus
672 1575 860 1655 mutataque
883 1575 1000 1635 cuncta
1020 1590 1079 1655 per
1102 1589 1230 1638 aeuum.

394 1676 452 1741 hos
476 1678 622 1741 tribuunt
644 1697 751 1742 mores
774 1683 871 1761 atque
894 1676 954 1741 hes
977 1677 1186 1743 nascentibus
1207 1682 1294 1743 artes

341 1785 390 1850 bis
414 1804 471 1850 sex
494 1786 631 1850 materia
654 1785 785 1870 propria
806 1785 963 1871 pollentia
986 1786 1089 1869 signa.

341 1892 398 1956 sed
421 1893 504 1957 nihil
525 1892 559 1958 in
583 1899 687 1958 semet
709 1898 812 1958 totum
836 1893 937 1973 ualet;
961 1894 1070 1958 omnia
1093 1892 1179 1958 uires

286 2023 328 2067 aee
342 2022 414 2065 cum
440 2002 535 2066 certis
559 2002 684 2067 sociant
706 2002 806 2087 signis
829 2000 889 2065 sub
913 2000 1059 2087 pertibus
1083 2002 1194 2085 eequis

341 2114 373 2171 et
396 2107 488 2174 uelut
509 2110 648 2195 hospitio
673 2109 785 2175 mundi
810 2110 1004 2175 commercia
1027 2110 1166 2194 iungunt

286 2237 327 2281 au
341 2216 587 2301 concedantque
611 2238 686 2283 sues
709 2224 818 2302 partes
842 2217 1055 2283 retinentibus
1079 2218 1182 2282 astris.

287 2345 361 2389 sesa
383 2345 518 2390 numero
541 2346 659 2391 nomeu
682 2326 822 2411 positum
847 2331 906 2407 est,
931 2326 1017 2409 quod
1041 2324 1187 2411 partibus
1210 2330 1297 2390 astra

287 2454 328 2497 eoo
342 2432 471 2497 condita
494 2433 626 2499 tricenis
650 2433 768 2518 triplici
792 2434 852 2498 sub
875 2439 961 2498 sorte
985 2432 1134 2497 feruntur

341 2544 375 2603 et
396 2539 543 2604 tribuunt
566 2540 667 2605 denes
688 2542 724 2605 in
747 2562 782 2605 se
806 2540 996 2605 coeuntibus
1020 2542 1124 2614 astris,

342 2648 440 2732 inque
464 2648 571 2712 uicem
593 2648 694 2713 ternis
717 2648 906 2713 habitentur
929 2648 1036 2712 sidera
1059 2647 1168 2732 signis.

341 2755 388 2818 sic
412 2755 484 2819 altis
507 2761 625 2819 natura
645 2762 756 2820 manet
779 2761 954 2840 consaepta
976 2754 1129 2835 tenebris,

342 2868 374 2926 et
397 2882 512 2929 uerum
535 2864 570 2927 iu
593 2884 689 2928 caeco
712 2868 762 2928 est
782 2864 950 2947 multaque
974 2864 1146 2947 ambagine
1170 2882 1287 2927 rerum.

287 2991 328 3035 ece
341 2990 401 3034 nec
425 2970 534 3035 breuis
558 2977 606 3036 est
629 2993 717 3052 usus,
740 2992 801 3037 nec
824 2977 913 3036 amal
936 2971 1128 3057 compendia
1151 2971 1285 3051 caelum,

343 3100 455 3142 uerum
480 3079 551 3143 aliis
575 3080 638 3143 alia
661 3080 809 3166 opposita
832 3086 882 3143 est
904 3085 936 3144 et
958 3078 1043 3144 fallit
1065 3080 1172 3164 imago

341 3186 559 3271 mentiturque
583 3209 658 3253 sues
680 3188 767 3252 uires
790 3193 823 3251 et
845 3188 979 3253 nomina
1002 3187 1094 3253 celat.

342 3314 426 3377 quae
449 3294 507 3359 tibi
531 3317 597 3361 non
619 3296 730 3370 oculis,
755 3295 822 3361 elta
844 3297 900 3361 sed
926 3300 1033 3361 mente
1056 3295 1202 3379 fuganda
1225 3301 1274 3359 est

342 3401 458 3485 caligo,
481 3402 675 3488 penitusque
700 3402 780 3469 deus
802 3425 868 3469 non
892 3403 999 3467 fronte
1022 3402 1193 3468 notandus.

288 3622 340 3677 282
357 3622 410 3677 lucc
425 3626 507 3693 atqu
522 3623 687 3695 caliptoeml
700 3624 728 3691 (r
741 3624 772 3679 in
788 3624 892 3695 marg.)
909 3626 962 3681 huc
974 3626 1062 3695 adque
1070 3624 1123 3680 luo
1134 3624 1304 3694 culipiaemc
1319 3622 1446 3693 (caligine
1454 3620 1496 3688 m)
1610 3620 1615 3635 '

178 3722 232 3777 huc
244 3724 325 3789 alque
335 3720 405 3776 illuc
415 3721 515 3791 utiqem
527 3736 547 3791 g
564 3749 598 3759 -
616 3724 668 3777 ‘283
681 3724 823 3792 effundere
834 3723 857 3789 (i
869 3737 904 3779 er
917 3742 936 3777 o
951 3736 1022 3778 corr.
1036 3722 1058 3789 l)
1075 3722 1214 3791 effumdere
1226 3736 1242 3777 ο
1262 3750 1295 3759 -
1313 3722 1365 3776 284
1377 3738 1465 3776 rem
1477 3734 1497 3789 g

178 3820 264 3875 ramis
275 3834 298 3869 u
320 3820 459 3889 upltarag
482 3836 563 3890 apere
574 3837 595 3871 to
614 3819 721 3891 (cypero
733 3820 774 3887 m)
798 3822 909 3876 odocar
922 3835 951 3875 m
975 3826 1001 3876 et
1021 3822 1107 3876 lentas
1119 3836 1141 3871 ω
1163 3818 1300 3889 inflectere
1318 3823 1408 3875 umas
1424 3833 1442 3874 ο
1461 3847 1494 3855 -

181 3920 234 3973 285
262 3918 360 3986 quide
388 3935 512 3973 merc
524 3933 553 3972 m
581 3923 700 3975 metere
713 3937 733 3970 u
762 3949 794 3957 -
821 3920 872 3973 287
892 3919 986 3974 iuncos
998 3934 1027 3975 m
1054 3948 1086 3957 —
1111 3919 1163 3972 288
1185 3908 1321 3986 moullal
1343 3918 1495 3973 mnarum

178 4016 348 4083 muge
367 4045 401 4054 -
420 4017 472 4071 aas
490 4016 610 4072 clamo
628 4046 660 4055 -
680 4017 733 4071 seo
749 4015 847 4072 utor
865 4018 1013 4087 mauge
1031 4018 1147 4073 auom
1165 3994 1317 4086 orateur
1336 3992 1498 4084 oznaim

180 4115 338 4185 uolssptoec
360 4114 491 4170 uoluntas
504 4129 534 4169 m
558 4143 592 4152 —
615 4115 684 4170 ante
704 4118 756 4170 294
776 4116 900 4170 anasse
917 4129 946 4169 m
965 4113 1010 4181 (l.)
1034 4144 1067 4152 —
1092 4117 1144 4170 294
1162 4116 1193 4170 iu
1212 4120 1298 4173 totum
1315 4119 1397 4170 eund
1413 4129 1443 4169 m
1462 4146 1497 4155 —

182 4214 234 4268 295
258 4210 384 4267 wtiuctl
412 4240 447 4249 -
474 4212 525 4267 296
544 4214 697 4284 lwsps‘otog
725 4242 758 4251 -
787 4214 838 4267 297
853 4202 972 4283 partiel
990 4218 1084 4284 partes
1096 4228 1118 4264 ω
1147 4216 1261 4273 -1298
1282 4226 1385 4268 uersus
1403 4212 1498 4267 instar

181 4309 324 4366 traditur:
344 4328 427 4380 quum
436 4315 548 4380 partem
561 4312 681 4382 dayam
693 4314 788 4367 dcam
800 4313 926 4368 decanica
935 4316 1037 4381 qantos.
1062 4300 1184 4383 ἀοῧαηεί
1203 4312 1331 4382 dayam
1351 4311 1498 4378 amoses

182 4410 302 4480 «levam
320 4422 349 4463 m
377 4409 506 4465 caereo
529 4406 623 4479 [cliton
646 4408 680 4465 V.
700 4409 725 4479 l]
753 4412 879 4467 decanica
897 4425 915 4466 ο
940 4438 973 4449 -·-
997 4412 1049 4467 299
1075 4413 1122 4466 An
1143 4408 1200 4465 vul
1226 4426 1374 4465 camere
1393 4424 1422 4464 m
1446 4407 1497 4475 (ll)

48 4547 54 4555 .
179 4524 293 4563 nomem
305 4522 333 4561 m
352 4506 499 4563 morlo
516 4506 1005 4579 nomeng(uss.298-301des.in
1025 4524 1057 4579 u1
1077 4506 1185 4563 adeunt
1203 4508 1233 4562 in
1247 4506 1296 4576 'u‚)
1317 4534 1349 4544 -
1368 4508 1420 4562 303
1438 4525 1498 4563 eon-

180 4611 299 4675 spectae
312 4604 533 4677 -30lcqnolg
550 4608 634 4680 eqloo
651 4624 728 4663 cacco
742 4622 771 4663 m
790 4608 998 4677 multaag—
1013 4608 1064 4662 306
1078 4604 1162 4662 aliisl
1177 4606 1274 4684 5307
1288 4605 1395 4659 saloim
1408 4604 1452 4672 (L)
1465 4634 1496 4643 -

159 4716 163 4723 ·
181 4706 235 4760 308
254 4704 313 4759 aliu
326 4717 353 4758 o.

1388 4806 1426 4863 7*
