3642 5259
684 373 770 432 Liber
787 372 836 431 IV.
871 376 1023 434 676-768.

357 597 470 678 totque
492 592 584 657 illum
607 591 696 657 eirea
717 591 823 658 diuiso
846 591 977 657 nomine
1000 598 1114 678 gentes

359 698 400 764 ad
424 696 563 765 Tanaim
586 698 745 785 Scythicis
768 699 975 765 dirimentem
997 699 1149 766 fluetibus
1172 698 1267 765 orbes

357 805 559 892 Maeotisque
581 807 673 871 laous
697 806 879 892 Euxinique
902 826 1019 893 aspera
1039 807 1129 892 ponti

358 935 501 1000 aequora
523 914 565 979 ad
588 920 834 1000 extremumque
857 912 1074 1000 Propontidos
1097 913 1356 1001 Hellespontum.

304 1020 443 1087 osohauo
467 1022 566 1087 Asiae
588 1028 709 1087 metam
732 1022 841 1107 posuit
863 1026 980 1087 nutura
1002 1022 1152 1107 potentis.

358 1128 444 1213 quod
466 1135 616 1215 superest
636 1128 771 1215 Europa
794 1135 891 1209 tenet,
917 1150 1001 1214 quae
1023 1130 1130 1215 prima
1153 1134 1319 1198 ouantem

359 1235 510 1302 fluetibus
533 1237 724 1322 excepitque
745 1236 860 1302 Iouem
883 1242 1079 1322 taurumque
1101 1237 1243 1303 resoluit

354 1362 480 1423 ponere
499 1361 606 1424 peasa
627 1362 706 1407 auos
728 1340 818 1425 ipsuis
841 1362 938 1407 onere
963 1345 1060 1425 atque
1085 1341 1202 1408 aean.

358 1452 414 1517 ille
435 1452 575 1539 puellari
597 1451 732 1517 donauit
753 1452 886 1518 nomine
907 1452 984 1517 litus

307 1579 348 1624 sas
362 1564 396 1622 et
417 1559 619 1625 monimenta
641 1558 692 1625 sui
714 1559 808 1624 titulo
831 1561 974 1626 sacrauit
996 1560 1124 1625 amous.

359 1668 503 1732 maxima
525 1673 613 1733 terra
635 1667 715 1733 uiris
738 1673 772 1733 et
793 1668 1026 1733 fecundissima
1048 1666 1150 1733 dootis

360 1774 510 1840 urbibus:
534 1776 567 1841 in
592 1796 730 1861 regnum
752 1775 905 1841 florentes
929 1775 995 1841 oris
1018 1774 1178 1858 Athenas,

362 1882 480 1967 Sparta
501 1904 613 1964 manu,
636 1882 769 1949 Thebae
792 1883 888 1965 diuis,
913 1888 945 1948 et
968 1902 1045 1967 rege
1068 1883 1122 1947 uel
1144 1904 1211 1949 uno

361 1990 512 2076 prinoeps
535 1990 628 2057 Pella
650 1991 775 2073 domus,
800 1990 933 2057 Troiani
957 1992 1063 2077 gratia
1087 1991 1161 2057 belli

308 2119 349 2163 eso
362 2095 533 2163 Thessalia
555 2098 736 2185 Epirosque
758 2106 874 2185 potens
896 2100 1069 2185 uicinaque
1093 2098 1172 2185 ripis

361 2203 469 2291 Illyris
491 2212 526 2271 et
547 2205 674 2271 Threoe
696 2206 834 2271 Martem
858 2206 972 2271 sortita
995 2207 1156 2288 uolonum,

363 2319 395 2377 et
417 2314 600 2400 stupefaote
622 2335 697 2379 suos
720 2314 805 2379 iuter
827 2311 1006 2379 Germania
1027 2320 1149 2400 partus,

363 2417 471 2486 Gallia
492 2443 552 2508 per
574 2443 702 2505 oeneus,
724 2420 886 2506 Hispania
908 2421 1050 2487 maxima
1073 2421 1161 2502 belli,

362 2527 458 2594 Italia
479 2529 515 2595 in
538 2550 675 2610 summa,
698 2550 796 2615 quam
820 2550 930 2595 rerum
954 2531 1098 2595 maxima
1119 2528 1227 2595 Roma

309 2656 350 2701 ese
364 2635 518 2722 imposuit
540 2638 636 2703 terris
659 2637 814 2722 oaeloque
837 2636 1027 2723 adiungitur
1048 2638 1128 2724 ipsa.

362 2744 423 2809 hos
445 2746 508 2810 erit
529 2744 564 2811 iu
586 2744 668 2809 fines
690 2744 779 2810 orbis
801 2751 984 2831 pontusque
1007 2746 1178 2811 notandus.

364 2872 461 2937 quem
485 2852 567 2918 deus
589 2852 623 2917 iu
647 2857 756 2937 partes
779 2858 813 2917 ot
834 2852 964 2937 singula
986 2852 1103 2917 diuidit
1126 2858 1214 2917 astra

365 2980 403 3023 ao
426 2980 485 3024 sua
507 2960 626 3045 ouiqne
649 2959 739 3025 dedit
761 2959 883 3025 tutelae
905 2980 1008 3046 regna
1030 2981 1089 3046 per
1112 2959 1223 3025 orbem

366 3071 398 3130 et
418 3068 569 3153 proprias
591 3072 705 3152 gentes
728 3072 826 3154 atque
848 3067 947 3133 urbes
970 3065 1094 3134 eddidit
1117 3067 1210 3153 ultas,

311 3196 352 3237 roo
366 3173 399 3237 in
423 3174 540 3259 quibus
563 3180 747 3241 assererent
768 3176 963 3261 praestantis
987 3175 1094 3242 sidera
1116 3176 1212 3241 uiros.

366 3301 404 3345 ao
427 3281 519 3347 uelut
539 3282 684 3348 humana
706 3288 756 3348 est
778 3282 880 3368 signis
903 3283 1058 3369 discripta
1080 3282 1197 3369 ligura,

366 3394 412 3470 ut,
436 3410 635 3477 quamquam
659 3389 839 3456 eommunis
862 3397 916 3455 eat
938 3390 1041 3456 tutela
1062 3412 1121 3476 per
1143 3410 1240 3456 omne

314 3584 367 3641 ere
387 3584 536 3639 amum
554 3584 790 3643 esame-err
804 3562 853 3641 air
870 3589 939 3641 arm
957 3600 1038 3655 aege
1056 3582 1185 3654 tanam
1203 3589 1362 3654 tantumgc
1378 3588 1523 3641 animm

202 3680 331 3754 adticiel
349 3682 510 3751 adtieusgo
527 3683 705 3753 sopolicosm
723 3683 836 3753 ardeas
853 3685 1009 3739 orbeso-
1028 3685 1082 3740 678
1098 3686 1244 3753 mediaqsoe
1260 3696 1381 3739 eaeuem
1399 3665 1524 3737 mdatl

1342 3752 1404 3793 suls

204 3807 307 3861 mesas·
316 3820 345 3861 m
359 3835 393 3843 -
406 3794 459 3864 679
469 3812 495 3862 et
504 3812 656 3863 atroam
667 3808 888 3877 Prqrswtidoso
901 3842 935 3851 -
949 3810 1002 3865 680
1014 3809 1084 3865 leae
1093 3808 1169 3864 oml
1182 3808 1224 3876 (in
1236 3804 1415 3877 maratana)
1429 3820 1485 3863 om.
1495 3820 1524 3861 m

203 3904 1525 3985 aemalae-eatpqlgch-eeaacepirlouong-eeepoadereopaaao

203 4001 404 4073 maisnilgo
430 4002 632 4073 onesiqaelgo
658 4007 807 4062 immerito
833 4006 1157 4076 messanensem
1183 4034 1215 4043 -
1239 4003 1388 4061 6848ῑαί
1412 4003 1524 4061 lituum

207 4103 300 4158 auersa
313 4116 335 4152 ω
363 4129 399 4139 -
426 4104 479 4158 686
507 4103 709 4173 monimmtag
735 4085 941 4159 moadmmtal
967 4108 1143 4160 montanerio
1160 4118 1190 4159 m
1217 4084 1439 4159 subl⁰⁰atuul
1469 4103 1526 4159 saa·-

149 4222 153 4227 ·
205 4198 329 4255 titulom
347 4200 515 4257 melmae
533 4230 566 4239 -
584 4202 636 4257 687
654 4201 803 4258 mliorem
823 4228 856 4239 -
873 4202 928 4257 688
945 4201 1062 4257 tteteso
1080 4202 1200 4258 diaaitl
1218 4202 1357 4257 dioisetm
1376 4202 1525 4269 dissutae

205 4330 244 4341 -
268 4298 321 4353 689
348 4298 435 4356 illae
465 4299 580 4355 Troiani
595 4298 642 4354 lm
667 4302 784 4356 Traiani
801 4314 843 4370 go
866 4301 993 4369 preciso
1018 4314 1103 4370 prag
1130 4334 1166 4341 —
1192 4302 1244 4356 691
1272 4291 1376 4357 micel
1403 4300 1525 4355 aream

205 4396 360 4465 marego
389 4425 422 4434 -
450 4398 504 4453 899
521 4415 574 4467 pre
595 4398 714 4453 cemusl
737 4399 835 4453 bellio
859 4397 1305 4454 -6941lals'amlm1taliau
1328 4398 1360 4452 s'a
1377 4395 1527 4453 mumulo

203 4496 241 4551 ia
256 4509 428 4564 sammegm
447 4484 1524 4565 -osoiapmitm—eeehoclme'uoseorr.exhocguocanuuso—

204 4594 568 4663 69‘leter'npuloo-698
587 4594 674 4650 tutelo
689 4608 718 4649 m
732 4596 831 4651 -780
843 4586 1018 4664 ollsoeereml
1035 4596 1133 4651 amm
1152 4610 1203 4649 ess.
1217 4606 1258 4662 go
1272 4595 1523 4662 praoetoateso—

204 4693 263 4750 701
281 4690 394 4762 amul
413 4693 578 4762 descriptae
598 4720 630 4729 -
651 4694 703 4749 799
721 4698 747 4748 et
765 4691 876 4748 tatelel
893 4697 920 4749 et
940 4698 990 4749 lat.
1003 4708 1032 4749 m
1052 4696 1145 4761 sratg
1163 4696 1244 4747 cute.
1350 4715 1351 4723 ¹

266 4818 376 4857 uantum.
397 4818 414 4857 1.
1422 4798 1441 4852 8
