3642 5259
719 374 845 435 Liberl.
882 377 1033 435 855—885.

328 622 368 664 sss
383 602 415 663 et
438 596 558 663 calidas
581 594 722 661 reddunt
744 594 823 681 ipsis
846 596 880 659 in
904 594 1047 659 lontibus
1070 594 1175 659 undas

383 726 419 771 ac
443 704 532 770 silice
555 704 589 768 in
612 703 694 769 dura
718 703 878 788 uiridique
901 702 933 767 iu
958 702 1077 767 cortice
1101 703 1211 767 sedem

382 812 562 895 inueniunt,
586 830 658 875 cum
683 811 766 877 silua
788 810 849 876 sibi
873 811 985 876 collisa
1008 817 1184 876 crematur:

382 921 512 1005 ignibus
535 941 637 1005 usque
662 919 742 985 adeo
765 924 883 985 natura
906 926 956 984 est
978 920 1084 984 omnis
1107 919 1286 983 abundans.¹

382 1050 423 1093 ne
445 1029 564 1092 mirere
587 1026 675 1091 laces
699 1026 822 1092 subitas
845 1048 1017 1113 erumpere
1041 1026 1130 1091 caelo

327 1160 369 1201 ssa
384 1156 523 1221 aeraque
547 1154 719 1199 accensum
743 1134 883 1200 flammis
906 1134 1015 1199 lucere
1039 1134 1181 1199 coruscis

383 1243 473 1308 arida
496 1242 699 1327 complexum
724 1242 875 1328 spirantis
899 1243 1025 1307 semina
1046 1248 1163 1323 terrae,

382 1372 465 1436 quae
488 1351 621 1415 uolucer
644 1371 781 1436 pascens
804 1351 889 1436 iguis
912 1352 1123 1436 sequiturque
1144 1348 1302 1434 fugitque,

382 1458 511 1544 fulgura
534 1480 607 1523 cum
631 1458 745 1522 uideas
768 1458 943 1522 tremulum
966 1458 1130 1523 uibrantia
1152 1457 1263 1521 lumen

381 1565 538 1631 imbribus
561 1588 579 1630 e
603 1566 718 1631 mediis
742 1572 774 1631 et
797 1566 923 1631 caelum
947 1564 1083 1630 fulmine
1106 1570 1247 1651 ruptum.

327 1696 368 1739 aas
382 1675 450 1739 siue
474 1674 573 1758 igitur
594 1675 677 1738 ratio
701 1674 886 1759 praebentis
910 1674 1036 1738 semina
1058 1680 1165 1738 terrae

381 1782 414 1845 in
438 1782 579 1847 uolucris
602 1782 694 1866 ignes
718 1782 822 1867 potuit
845 1802 1002 1865 generare
1026 1787 1184 1858 cometam

382 1890 450 1953 siue
474 1890 547 1954 illas
571 1896 688 1955 natura
710 1888 798 1953 faces
823 1896 857 1953 ut
880 1896 998 1954 cuncta
1021 1890 1145 1955 creauit

382 1997 487 2063 sidera
510 1996 698 2083 pertenuis
722 1998 812 2062 eaelo
836 1997 978 2062 lucentia
1002 1997 1164 2077 flammam
1188 2032 1232 2040 —

382 2106 437 2169 sed
460 2106 560 2170 trahit
583 2106 623 2170 ad
648 2112 750 2170 semet
772 2106 885 2191 rapido
910 2104 1059 2170 Titanius
1083 2110 1174 2169 aestu

327 2214 583 2297 sroinuoluitque
607 2234 666 2277 suo
690 2214 886 2278 flammantis
911 2214 987 2298 igue
1010 2220 1163 2295 cometas,

382 2342 419 2384 ac
442 2320 538 2385 modo
562 2320 703 2403 dimittit,
728 2322 811 2385 sicut
834 2318 999 2405 Cyllenius
1023 2320 1111 2385 orbis

272 2481 278 2493 .
381 2434 412 2493 ot
437 2428 559 2509 Venus,
583 2450 719 2493 accenso
744 2450 817 2493 cum
842 2427 931 2492 ducit
954 2450 1090 2513 uespere
1113 2435 1252 2510 noctem,

381 2557 477 2621 saepe
501 2536 605 2601 nitent
627 2536 808 2620 falluntque
833 2536 943 2600 oculos
966 2556 1142 2620 rursusque
1166 2536 1327 2616 reuisunt3
1353 2570 1394 2579 —

382 2664 439 2707 seu
463 2644 542 2708 dous
565 2645 715 2709 instantis
738 2643 797 2708 fati
821 2642 994 2707 miseratus
1016 2644 1050 2708 in
1074 2644 1185 2707 orbem

328 2751 475 2835 sessigna
496 2772 553 2837 per
576 2752 710 2816 allectus
734 2750 881 2835 caelique
905 2750 1055 2815 incendia
1078 2752 1190 2829 mittit;

379 2857 539 2923 luttilibus
563 2880 628 2924 uon
652 2878 806 2943 umquam
830 2858 1003 2923 excanduit
1025 2858 1154 2943 ignibus
1177 2858 1304 2921 aether:

381 2966 592 3051 squalidaque
616 2966 696 3031 elusi
722 2966 892 3052 deplorant
915 2986 995 3030 arua
1018 2966 1135 3047 coloni,

381 3082 413 3138 et
436 3072 553 3138 sterilis
576 3074 661 3139 inter
683 3075 789 3139 sulcos
813 3073 960 3139 defessus
984 3080 1092 3139 arator

382 3181 420 3245 ad
445 3182 522 3266 iuga
545 3182 720 3247 maerentis
744 3183 829 3265 cogit
851 3180 1007 3246 frustrata
1031 3183 1195 3246 iuuencos.

327 3293 436 3355 oeoaut
459 3290 613 3374 grauibus
637 3290 758 3354 morbis
782 3296 814 3353 et
837 3289 925 3353 lenta
948 3310 1085 3375 corpora
1108 3291 1183 3353 tabe

381 3396 513 3481 corripit
536 3398 657 3461 exustis
679 3397 784 3462 letalis
808 3396 940 3461 flamma
962 3398 1112 3461 medullis

380 3503 583 3589 labentisque
607 3505 692 3589 rapit
714 3506 861 3591 populos,
885 3510 1034 3589 totasque
1056 3526 1115 3590 per
1137 3504 1234 3569 urbes

379 3611 512 3697 publiea
531 3612 699 3679 ¹succensis
722 3618 923 3697 peraguntur
946 3612 1015 3676 lata
1038 3610 1204 3697 sepulcris.

381 3716 486 3804 qualis
509 3718 708 3783 Erechtheos
732 3720 831 3805 pestis
855 3710 1009 3805 populata
1032 3719 1163 3784 colonos

327 3848 367 3891 sas
381 3826 495 3891 extulit
518 3826 667 3911 antiquas
691 3846 749 3913 por
770 3826 887 3891 funera
911 3828 1001 3912 pacis
1023 3826 1181 3907 Athenas,

329 4118 496 4189 8551‘psnsm
509 4147 541 4156 —
552 4120 603 4175 856
614 4116 709 4174 durno
720 4148 753 4157 —
764 4120 815 4174 856
825 4118 1189 4189 neombitaeercmpercm
1204 4148 1238 4157 -—
1252 4118 1483 4174 Sdbcbonuciem
1498 4146 1533 4158 -

223 4220 270 4271 eor
290 4216 447 4285 cosme·
459 4232 486 4271 m
506 4246 539 4255 -
552 4220 604 4273 ssa
617 4200 672 4273 681
688 4232 750 4285 neg
766 4233 887 4273 amem
906 4246 939 4256 -
953 4221 1004 4273 eol
1021 4218 1176 4273 stupesco
1190 4246 1223 4254 -
1237 4218 1288 4271 eos
1302 4218 1484 4284 prenestem
1501 4246 1532 4253 -

223 4318 273 4370 866
280 4316 394 4383 poenita
405 4314 512 4385 ι’φιὶεη]
524 4315 668 4369 columem
678 4332 826 4384 gener-aree
836 4330 915 4383 gc—
923 4318 973 4371 867
983 4316 1014 4371 ob
1026 4320 1123 4371 nancta
1132 4332 1150 4371 o
1160 4316 1243 4381 socies
1252 4330 1307 4367 c-
1316 4316 1368 4369 868
1378 4322 1532 4370 masseso-

222 4414 274 4467 869
292 4412 365 4467 sedo
379 4442 411 4451 -
426 4416 479 4469 870
488 4412 632 4481 pomanus
646 4428 671 4467 m
686 4446 721 4454 —
734 4416 786 4467 873
804 4430 938 4483 ruruonq.
953 4429 972 4482 g
988 4442 1023 4451 -
1038 4417 1090 4469 874
1108 4414 1283 4480 miserata-cg
1301 4412 1450 4467 inbuatur
1463 4430 1484 4463 ω
1499 4440 1531 4449 -

223 4511 275 4565 876
282 4510 423 4579 fartilibus
437 4526 463 4565 m
476 4510 650 4567 excanduito
666 4510 736 4580 iperio
746 4526 773 4565 m
789 4540 820 4549 —
835 4515 885 4567 877
899 4512 1004 4583 effracto
1020 4546 1052 4553 -
1063 4514 1115 4566 878
1127 4512 1255 4567 eteritiao
1268 4538 1302 4545 —
1317 4512 1369 4564 879
1383 4502 1532 4565 mareotici

222 4608 349 4663 sumatis
360 4622 414 4677 gm
425 4608 547 4665 iurantes
560 4624 588 4663 m
602 4636 635 4646 —
649 4610 701 4663 882
714 4602 869 4680 meeber
883 4610 1020 4679 lubentcsq.
1035 4624 1051 4664 c
1064 4610 1225 4678 nemmem
1235 4622 1288 4675 gm
1300 4634 1333 4645 -
1346 4610 1399 4663 883
1411 4606 1527 4663 osmensi

221 4714 387 4784 oepubdrig
408 4744 438 4755 —
458 4718 510 4771 886
529 4681 674 4795 erdclpbocl
693 4717 832 4785 ericteosg
849 4718 1003 4773 aristonicus
1016 4732 1031 4770 c
1050 4719 1174 4770 neces
1188 4731 1224 4771 m.
