3642 5259
797 382 883 440 Liber
901 383 938 439 ll.
976 382 1126 439 646-675.

467 590 544 670 nem
568 625 627 669 sua
650 601 815 689 quadratis
838 601 984 681 ueniunt,
1009 621 1067 665 sua
1090 600 1163 664 iura
1184 597 1330 684 trigonis,

469 718 502 777 et
523 732 607 798 quae
630 731 689 797 per
711 730 806 774 senos
829 708 972 774 decurrit
993 708 1122 793 uirgula
1145 715 1277 789 tractus,

469 839 617 905 quaeque
640 825 728 883 secat
751 816 893 882 medium
917 822 1103 881 transuerso
1126 815 1228 880 limite
1250 813 1386 879 caelum.

468 926 543 991 hinc
565 925 662 991 medo
685 924 742 990 dat
765 924 904 989 mundus
928 925 1024 1004 uires,
1049 923 1144 988 mede
1168 922 1286 987 deterit
1307 920 1406 1001 idem,

416 1056 456 1098 666
470 1054 619 1119 quaeque
641 1032 706 1097 illic
730 1038 862 1098 sumunt
884 1032 959 1114 iras,
983 1032 1048 1096 huc
1070 1036 1142 1096 acta
1165 1037 1335 1116 reponunt

469 1137 572 1203 dictat
595 1135 684 1201 enim
706 1142 866 1221 curqctnc
890 1136 1005 1201 ecdem
1027 1134 1185 1201 eubcatnc
1209 1134 1348 1201 cedatne

469 1248 613 1314 crebrius
637 1247 782 1313 aduersis
805 1246 916 1311 edium
940 1253 998 1312 est.
1046 1251 1183 1332 cognate
1206 1243 1372 1330 quadratis
1471 1227 1474 1231 ¹

470 1376 605 1442 corpora
627 1362 799 1421 censentur
823 1356 924 1441 signis
947 1361 979 1419 et
1000 1355 1107 1420 amica
1129 1354 1274 1440 trigenis.

470 1484 529 1527 nec
552 1463 634 1529 ratic
658 1465 797 1531 obscura
820 1470 882 1543 est3
906 1484 983 1528 nam
1007 1459 1157 1549 quartum
1181 1461 1331 1547 quodque
1353 1458 1474 1525 locauit

415 1592 455 1634 666
470 1570 614 1635 eiusdem
637 1572 766 1656 generis
789 1572 919 1657 signum
943 1577 1060 1636 natura
1082 1592 1142 1656 per
1164 1569 1291 1649 erbem3

470 1684 622 1764 quattuor
644 1678 773 1764 aequali
797 1679 922 1745 eaelum
946 1679 1132 1745 discrimine
1154 1679 1294 1763 signent,

469 1786 503 1850 in
527 1787 644 1870 quibus
668 1788 820 1853 articulos
843 1787 921 1853 anni
944 1787 1024 1853 deus
1045 1788 1115 1874 ipse
1139 1786 1278 1852 creauit:

470 1914 529 1957 uer
552 1894 645 1975 aries,
670 1892 822 1961 Cererem
846 1916 972 1977 cancer,
995 1894 1225 1981 Bacchumque
1246 1892 1434 1959 ministrans

468 1999 561 2083 libra,
585 2022 683 2088 caper
704 2004 856 2069 brumam
879 2003 1072 2089 genitusque
1094 2003 1137 2068 ad
1160 2003 1283 2088 frigere
1305 2001 1411 2088 piscis.

415 2129 457 2173 666
470 2128 530 2172 nec
554 2130 619 2175 non
643 2116 675 2175 et
698 2111 818 2198 duplici
843 2132 927 2197 quae
950 2117 1026 2176 sunt
1048 2132 1171 2177 conexa
1193 2110 1299 2196 figura

469 2224 620 2300 quartum
644 2238 805 2303 quemque
828 2217 937 2283 locum
959 2219 1109 2285 retinent.
1155 2218 1221 2284 duc
1244 2238 1377 2283 cernere
1399 2215 1504 2302 pisces

468 2327 501 2387 et
523 2324 671 2409 gemines
694 2325 830 2391 iuuenes
853 2325 1079 2412 duplicemque
1101 2326 1135 2391 in
1158 2326 1286 2412 uirgine
1309 2325 1448 2389 formam

470 2435 503 2494 et
525 2431 589 2496 due
613 2434 759 2498 centauri
781 2433 857 2497 licet
879 2454 943 2499 unc
966 2434 1001 2499 in
1024 2454 1159 2520 corpore
1182 2439 1298 2499 textus.

470 2537 515 2604 sic
539 2546 572 2603 et
595 2539 794 2626 simplicibus
817 2541 919 2627 signis
942 2547 1006 2607 stat
1027 2541 1134 2607 forma
1155 2541 1323 2627 quadrata.

415 2666 456 2709 666
470 2666 546 2711 nam
570 2665 677 2733 neque
700 2652 812 2712 taurus
835 2648 934 2714 habet
956 2650 1117 2728 comitem,
1141 2670 1201 2715 nec
1224 2650 1369 2734 iungitur
1391 2646 1448 2711 ulli

469 2751 650 2819 horrendus
672 2753 734 2837 leo,
759 2776 818 2820 nee
841 2756 956 2821 metuit
978 2757 1048 2821 eine
1071 2778 1223 2844 compare
1245 2774 1442 2843 quemquam

469 2862 625 2947 scorpius,
650 2866 746 2947 atque
769 2883 834 2929 unc
858 2869 1009 2929 censetur
1031 2866 1184 2950 aquarius
1207 2871 1304 2930 astru

471 2968 517 3032 sic
540 2988 764 3055 quaecumque
788 2977 922 3036 manent
944 2972 1102 3057 quadrato
1126 2972 1255 3038 condita
1277 2971 1399 3056 temple
1509 3031 1511 3034 ,

469 3074 573 3159 signa,
596 3096 709 3161 parem
732 3077 879 3142 referunt
900 3078 1045 3143 numeris
1068 3087 1125 3145 aut
1146 3087 1292 3167 tempere
1315 3084 1435 3146 sortem

413 3203 455 3246 ere
468 3202 506 3246 ec
529 3183 632 3247 ueluti
655 3190 793 3268 cognata
816 3192 950 3251 manent
971 3187 1031 3252 sub
1054 3187 1184 3253 loedere
1206 3188 1273 3253 tali.

468 3288 587 3354 idcirco
612 3288 728 3355 affines
751 3292 881 3377 signant
903 3293 1123 3380 gradibusque
1145 3295 1336 3381 propinquis

414 3417 455 3461 era
469 3395 628 3461 accedunt
650 3418 780 3483 unaque
802 3405 915 3466 tenent
937 3401 997 3466 sub
1020 3402 1163 3487 imagine
1185 3409 1288 3469 uates.

414 3524 455 3565 eu
468 3523 552 3587 quae
576 3524 774 3590 quamquam
796 3508 830 3572 in
853 3515 963 3593 partes
986 3509 1085 3575 diuisi
1105 3516 1258 3596 quattuor
1280 3512 1368 3577 erbis

415 3630 455 3673 cre
469 3609 577 3676 sidera
600 3612 759 3697 quadrata
782 3614 937 3700 efficiunt,
960 3638 1026 3683 ncn
1049 3618 1122 3703 lege
1146 3618 1294 3703 quadrati

351 3822 352 3825 ’
415 3802 1624 3891 eccll—cremammemmg-csedaercc-etctemc-

244 3909 714 3983 ‚cummium
742 3944 775 3953 —
805 3918 1090 3989 658buaccmqeccm
1123 3920 1326 3993 cratemqueg
1354 3924 1559 3995 becclchecl
1587 3956 1624 3967 -

308 4006 1623 4095 ederetucqewpimepeces-eecmmlmmmmm-7661queamd—

308 4093 1622 4201 ceatmgtumee-eeaumamlmemammgfflmgeeame-

308 4211 360 4267 665
378 4210 550 4281 manuele
571 4219 781 4289 6666966666
802 4222 958 4292 tunam
982 4253 1015 4263 -
1038 4226 1091 4280 666
1115 4228 1313 4297 nmmo
1337 4258 1370 4268 -
1395 4232 1446 4285 cer
1468 4229 1622 4298 metuo

306 4310 478 4377 remecurt
499 4323 674 4386 cemetcrg
696 4324 823 4375 caecetur
837 4335 888 4376 cm
913 4350 945 4358 -
971 4324 1020 4379 671
1045 4305 1170 4392 cdptnerl
1192 4325 1334 4394 &mm
1357 4328 1508 4398 cffimgc
1527 4330 1622 4398 praeet-

306 4406 406 4477 btqu
418 4421 435 4464 ο
447 4442 481 4451 -
494 4414 561 4481 post
574 4415 626 4470 eta
645 4418 810 4485 sequuntur
828 4418 929 4489 16666ςί66
945 4418 976 4475 ia
993 4450 1025 4458 —
1043 4422 1278 4481 mattarello
1296 4428 1446 4495 677-686,
1465 4428 1526 4481 tum
1546 4431 1622 4495 quet

255 4583 260 4593 Ι
306 4507 371 4573 quot
395 4534 427 4543 -
454 4508 574 4566 ardue
602 4528 668 4568 m
693 4514 835 4571 ere—ere
871 4517 935 4572 tum
967 4516 1036 4572 acre
1063 4521 1114 4574 sar
1147 4519 1177 4575 in
1211 4536 1228 4576 ο
1262 4551 1296 4560 -
1331 4526 1383 4581 cre
1416 4516 1487 4600 quot
1517 4514 1621 4599 φωξιι

306 4603 502 4675 quedqucdm
519 4612 1026 4683 quctqwtgcprcpn'aclprepricc
1043 4616 1200 4673 mrtem
1224 4648 1256 4658 -
1279 4623 1331 4676 674
1348 4609 1621 4693 partielpcsm'em

301 4708 448 4774 perregn
466 4704 630 4776 dnetlgc
646 4707 771 4777 partitus
788 4708 936 4766 dictutm.
