<?xml version="1.0" encoding="UTF-8"?>
<!DOCTYPE html PUBLIC "-//W3C//DTD XHTML 1.0 Transitional//EN"
    "http://www.w3.org/TR/xhtml1/DTD/xhtml1-transitional.dtd">
<html xmlns="http://www.w3.org/1999/xhtml" xml:lang="en" lang="en">
 <head>
  <title>
</title>
<meta http-equiv="Content-Type" content="text/html;charset=utf-8" />
  <meta name='ocr-system' content='tesseract 3.04.00' />
  <meta name='ocr-capabilities' content='ocr_page ocr_carea ocr_par ocr_line ocrx_word'/>
</head>
<body>
  <div class='ocr_page' id='page_1' title='image "./mmanilivsastron00breigoog/mmanilivsastron00breigoog_0143.png"; bbox 0 0 3642 5259; ppageno 0'>
   <div class='ocr_carea' id='block_1_1' title="bbox 675 371 1017 431">
    <p class='ocr_par' dir='ltr' id='par_1_1' title="bbox 675 371 1017 431">
     <span class='ocr_line' id='line_1_1' title="bbox 675 371 1017 431; baseline -0.006 -2"><span class='ocrx_word' id='word_1_1' title='bbox 675 372 764 430; x_wconf 74' lang='lat' dir='ltr'><strong>Irllter</strong></span> <span class='ocrx_word' id='word_1_2' title='bbox 781 371 829 429; x_wconf 90' lang='lat' dir='ltr'><strong>lv.</strong></span> <span class='ocrx_word' id='word_1_3' title='bbox 865 374 1017 431; x_wconf 74' lang='lat' dir='ltr'><strong>cle-etc.</strong></span> 
     </span>
    </p>
   </div>
   <div class='ocr_carea' id='block_1_2' title="bbox 216 590 1481 3610">
    <p class='ocr_par' dir='ltr' id='par_1_2' title="bbox 351 590 1210 677">
     <span class='ocr_line' id='line_1_2' title="bbox 351 590 1210 677; baseline -0.006 -17"><span class='ocrx_word' id='word_1_4' title='bbox 351 592 426 660; x_wconf 89' lang='lat' dir='ltr'><strong>inde</strong></span> <span class='ocrx_word' id='word_1_5' title='bbox 450 592 506 659; x_wconf 90' lang='lat' dir='ltr'><strong>ubi</strong></span> <span class='ocrx_word' id='word_1_6' title='bbox 527 593 563 657; x_wconf 93' lang='lat' dir='ltr'><strong>in</strong></span> <span class='ocrx_word' id='word_1_7' title='bbox 586 596 740 677; x_wconf 86' lang='lat' dir='ltr'><strong>angustas</strong></span> <span class='ocrx_word' id='word_1_8' title='bbox 762 591 882 657; x_wconf 87' lang='lat' dir='ltr'><strong>iterum</strong></span> <span class='ocrx_word' id='word_1_9' title='bbox 905 612 940 656; x_wconf 88' lang='lat' dir='ltr'><strong>ss</strong></span> <span class='ocrx_word' id='word_1_10' title='bbox 963 590 1077 655; x_wconf 88' lang='lat' dir='ltr'><strong>nauita</strong></span> <span class='ocrx_word' id='word_1_11' title='bbox 1098 590 1210 657; x_wconf 77' lang='lat' dir='ltr'><strong>lauces</strong></span> 
     </span>
    </p>

    <p class='ocr_par' dir='ltr' id='par_1_3' title="bbox 295 697 1360 1216">
     <span class='ocr_line' id='line_1_3' title="bbox 295 697 1118 787; baseline -0.007 -19"><span class='ocrx_word' id='word_1_12' title='bbox 295 724 338 769; x_wconf 81' lang='lat' dir='ltr'><strong>cao</strong></span> <span class='ocrx_word' id='word_1_13' title='bbox 350 700 623 787; x_wconf 72' lang='lat' dir='ltr'><strong>Hellespontiacis</strong></span> <span class='ocrx_word' id='word_1_14' title='bbox 645 702 817 765; x_wconf 86' lang='lat' dir='ltr'><strong>reuocatus</strong></span> <span class='ocrx_word' id='word_1_15' title='bbox 838 697 991 765; x_wconf 87' lang='lat' dir='ltr'><strong>fluctibus</strong></span> <span class='ocrx_word' id='word_1_16' title='bbox 1014 697 1118 780; x_wconf 83' lang='lat' dir='ltr'><strong>effert,</strong></span> 
     </span>
     <span class='ocr_line' id='line_1_4' title="bbox 351 805 1198 895; baseline -0.005 -20"><span class='ocrx_word' id='word_1_17' title='bbox 351 807 492 875; x_wconf 89' lang='lat' dir='ltr'><strong>Icarium</strong></span> <span class='ocrx_word' id='word_1_18' title='bbox 514 805 749 895; x_wconf 74' lang='lat' dir='ltr'><strong>Aegaeumque</strong></span> <span class='ocrx_word' id='word_1_19' title='bbox 771 812 861 873; x_wconf 87' lang='lat' dir='ltr'><strong>secat</strong></span> <span class='ocrx_word' id='word_1_20' title='bbox 882 806 1043 891; x_wconf 88' lang='lat' dir='ltr'><strong>laeuaque</strong></span> <span class='ocrx_word' id='word_1_21' title='bbox 1066 805 1198 871; x_wconf 88' lang='lat' dir='ltr'><strong>nitentis</strong></span> 
     </span>
     <span class='ocr_line' id='line_1_5' title="bbox 350 915 1164 1003; baseline -0.006 -20"><span class='ocrx_word' id='word_1_22' title='bbox 350 916 488 983; x_wconf 89' lang='lat' dir='ltr'><strong>miratur</strong></span> <span class='ocrx_word' id='word_1_23' title='bbox 508 916 660 1003; x_wconf 89' lang='lat' dir='ltr'><strong>scopulos</strong></span> <span class='ocrx_word' id='word_1_24' title='bbox 683 915 782 981; x_wconf 82' lang='lat' dir='ltr'><strong>Asiae</strong></span> <span class='ocrx_word' id='word_1_25' title='bbox 805 915 1004 1001; x_wconf 88' lang='lat' dir='ltr'><strong>totidemque</strong></span> <span class='ocrx_word' id='word_1_26' title='bbox 1029 919 1164 999; x_wconf 84' lang='lat' dir='ltr'><strong>tropaea</strong></span> 
     </span>
     <span class='ocr_line' id='line_1_6' title="bbox 351 1020 1360 1112; baseline -0.003 -22"><span class='ocrx_word' id='word_1_27' title='bbox 351 1030 430 1112; x_wconf 90' lang='lat' dir='ltr'><strong>qnct</strong></span> <span class='ocrx_word' id='word_1_28' title='bbox 451 1024 524 1090; x_wconf 87' lang='lat' dir='ltr'><strong>lcca</strong></span> <span class='ocrx_word' id='word_1_29' title='bbox 546 1029 579 1089; x_wconf 91' lang='lat' dir='ltr'><strong>et</strong></span> <span class='ocrx_word' id='word_1_30' title='bbox 599 1025 789 1097; x_wconf 84' lang='lat' dir='ltr'><strong>innumeras</strong></span> <span class='ocrx_word' id='word_1_31' title='bbox 812 1027 926 1108; x_wconf 88' lang='lat' dir='ltr'><strong>gentes</strong></span> <span class='ocrx_word' id='word_1_32' title='bbox 949 1020 1159 1106; x_wconf 77' lang='lat' dir='ltr'><strong>Taurumque</strong></span> <span class='ocrx_word' id='word_1_33' title='bbox 1182 1022 1360 1087; x_wconf 87' lang='lat' dir='ltr'><strong>minantem</strong></span> 
     </span>
     <span class='ocr_line' id='line_1_7' title="bbox 350 1129 1283 1216; baseline -0.005 -18"><span class='ocrx_word' id='word_1_34' title='bbox 350 1131 503 1198; x_wconf 88' lang='lat' dir='ltr'><strong>fluctibus</strong></span> <span class='ocrx_word' id='word_1_35' title='bbox 525 1139 558 1197; x_wconf 86' lang='lat' dir='ltr'><strong>et</strong></span> <span class='ocrx_word' id='word_1_36' title='bbox 581 1129 719 1197; x_wconf 83' lang='lat' dir='ltr'><strong>Oilicum</strong></span> <span class='ocrx_word' id='word_1_37' title='bbox 741 1131 878 1216; x_wconf 87' lang='lat' dir='ltr'><strong>pcpnlca</strong></span> <span class='ocrx_word' id='word_1_38' title='bbox 902 1129 1095 1216; x_wconf 83' lang='lat' dir='ltr'><strong>Syriamque</strong></span> <span class='ocrx_word' id='word_1_39' title='bbox 1117 1135 1283 1215; x_wconf 87' lang='lat' dir='ltr'><strong>perustam</strong></span> 
     </span>
    </p>

    <p class='ocr_par' dir='ltr' id='par_1_4' title="bbox 296 1238 1252 1757">
     <span class='ocr_line' id='line_1_8' title="bbox 296 1238 1117 1325; baseline -0.004 -20"><span class='ocrx_word' id='word_1_40' title='bbox 296 1240 541 1325; x_wconf 72' lang='lat' dir='ltr'><strong>quingentique</strong></span> <span class='ocrx_word' id='word_1_41' title='bbox 564 1238 638 1305; x_wconf 89' lang='lat' dir='ltr'><strong>sinu</strong></span> <span class='ocrx_word' id='word_1_42' title='bbox 660 1238 816 1325; x_wconf 76' lang='lat' dir='ltr'><strong>fugientis</strong></span> <span class='ocrx_word' id='word_1_43' title='bbox 838 1257 981 1323; x_wconf 83' lang='lat' dir='ltr'><strong>aequora</strong></span> <span class='ocrx_word' id='word_1_44' title='bbox 1004 1242 1117 1319; x_wconf 77' lang='lat' dir='ltr'><strong>term,</strong></span> 
     </span>
     <span class='ocr_line' id='line_1_9' title="bbox 351 1344 1245 1434; baseline -0.001 -22"><span class='ocrx_word' id='word_1_45' title='bbox 351 1345 454 1413; x_wconf 88' lang='lat' dir='ltr'><strong>donec</strong></span> <span class='ocrx_word' id='word_1_46' title='bbox 475 1347 511 1413; x_wconf 89' lang='lat' dir='ltr'><strong>in</strong></span> <span class='ocrx_word' id='word_1_47' title='bbox 532 1346 718 1434; x_wconf 79' lang='lat' dir='ltr'><strong>Aegyptum</strong></span> <span class='ocrx_word' id='word_1_48' title='bbox 741 1346 879 1413; x_wconf 89' lang='lat' dir='ltr'><strong>redeunt</strong></span> <span class='ocrx_word' id='word_1_49' title='bbox 901 1349 1038 1411; x_wconf 87' lang='lat' dir='ltr'><strong>curuata</strong></span> <span class='ocrx_word' id='word_1_50' title='bbox 1059 1366 1118 1430; x_wconf 88' lang='lat' dir='ltr'><strong>per</strong></span> <span class='ocrx_word' id='word_1_51' title='bbox 1141 1344 1245 1411; x_wconf 85' lang='lat' dir='ltr'><strong>undae</strong></span> 
     </span>
     <span class='ocr_line' id='line_1_10' title="bbox 348 1452 1047 1540; baseline -0.006 -19"><span class='ocrx_word' id='word_1_52' title='bbox 348 1455 446 1521; x_wconf 86' lang='lat' dir='ltr'><strong>litora</strong></span> <span class='ocrx_word' id='word_1_53' title='bbox 467 1454 601 1521; x_wconf 86' lang='lat' dir='ltr'><strong>Niliacis</strong></span> <span class='ocrx_word' id='word_1_54' title='bbox 622 1455 740 1520; x_wconf 87' lang='lat' dir='ltr'><strong>iterum</strong></span> <span class='ocrx_word' id='word_1_55' title='bbox 763 1454 936 1519; x_wconf 87' lang='lat' dir='ltr'><strong>morientia</strong></span> <span class='ocrx_word' id='word_1_56' title='bbox 958 1452 1047 1540; x_wconf 87' lang='lat' dir='ltr'><strong>ripis.</strong></span> 
     </span>
     <span class='ocr_line' id='line_1_11' title="bbox 350 1560 1187 1647; baseline -0.005 -18"><span class='ocrx_word' id='word_1_57' title='bbox 350 1562 432 1629; x_wconf 87' lang='lat' dir='ltr'><strong>haec</strong></span> <span class='ocrx_word' id='word_1_58' title='bbox 455 1562 599 1629; x_wconf 88' lang='lat' dir='ltr'><strong>medium</strong></span> <span class='ocrx_word' id='word_1_59' title='bbox 621 1562 718 1628; x_wconf 80' lang='lat' dir='ltr'><strong>terris</strong></span> <span class='ocrx_word' id='word_1_60' title='bbox 740 1561 921 1627; x_wconf 86' lang='lat' dir='ltr'><strong>circumdat</strong></span> <span class='ocrx_word' id='word_1_61' title='bbox 943 1560 1030 1626; x_wconf 91' lang='lat' dir='ltr'><strong>linea</strong></span> <span class='ocrx_word' id='word_1_62' title='bbox 1052 1565 1187 1647; x_wconf 90' lang='lat' dir='ltr'><strong>pontum</strong></span> 
     </span>
     <span class='ocr_line' id='line_1_12' title="bbox 349 1666 1252 1757; baseline -0.003 -21"><span class='ocrx_word' id='word_1_63' title='bbox 349 1677 449 1757; x_wconf 86' lang='lat' dir='ltr'><strong>atque</strong></span> <span class='ocrx_word' id='word_1_64' title='bbox 470 1670 522 1737; x_wconf 87' lang='lat' dir='ltr'><strong>his</strong></span> <span class='ocrx_word' id='word_1_65' title='bbox 545 1669 707 1735; x_wconf 86' lang='lat' dir='ltr'><strong>undarum</strong></span> <span class='ocrx_word' id='word_1_66' title='bbox 729 1674 869 1735; x_wconf 71' lang='lat' dir='ltr'><strong>uantum</strong></span> <span class='ocrx_word' id='word_1_67' title='bbox 893 1667 1086 1751; x_wconf 77' lang='lat' dir='ltr'><strong>constringit</strong></span> <span class='ocrx_word' id='word_1_68' title='bbox 1108 1666 1252 1733; x_wconf 83' lang='lat' dir='ltr'><strong>habenis.</strong></span> 
     </span>
    </p>

    <p class='ocr_par' dir='ltr' id='par_1_5' title="bbox 296 1776 1244 2077">
     <span class='ocr_line' id='line_1_13' title="bbox 296 1776 1244 1862; baseline -0.006 -17"><span class='ocrx_word' id='word_1_69' title='bbox 296 1800 339 1845; x_wconf 81' lang='lat' dir='ltr'><strong>arc</strong></span> <span class='ocrx_word' id='word_1_70' title='bbox 351 1778 440 1844; x_wconf 86' lang='lat' dir='ltr'><strong>mille</strong></span> <span class='ocrx_word' id='word_1_71' title='bbox 462 1778 572 1845; x_wconf 87' lang='lat' dir='ltr'><strong>iacent</strong></span> <span class='ocrx_word' id='word_1_72' title='bbox 593 1776 720 1843; x_wconf 87' lang='lat' dir='ltr'><strong>mediae</strong></span> <span class='ocrx_word' id='word_1_73' title='bbox 743 1776 861 1841; x_wconf 80' lang='lat' dir='ltr'><strong>diffusa</strong></span> <span class='ocrx_word' id='word_1_74' title='bbox 882 1795 943 1862; x_wconf 86' lang='lat' dir='ltr'><strong>per</strong></span> <span class='ocrx_word' id='word_1_75' title='bbox 965 1796 1109 1861; x_wconf 86' lang='lat' dir='ltr'><strong>aequora</strong></span> <span class='ocrx_word' id='word_1_76' title='bbox 1129 1781 1244 1840; x_wconf 82' lang='lat' dir='ltr'><strong>terrae</strong></span> 
     </span>
     <span class='ocr_line' id='line_1_14' title="bbox 350 1883 1216 1971; baseline -0.002 -21"><span class='ocrx_word' id='word_1_77' title='bbox 350 1885 534 1952; x_wconf 85' lang='lat' dir='ltr'><strong>Sardiniam</strong></span> <span class='ocrx_word' id='word_1_78' title='bbox 556 1887 592 1951; x_wconf 93' lang='lat' dir='ltr'><strong>in</strong></span> <span class='ocrx_word' id='word_1_79' title='bbox 614 1884 736 1971; x_wconf 82' lang='lat' dir='ltr'><strong>Libyco</strong></span> <span class='ocrx_word' id='word_1_80' title='bbox 758 1884 890 1971; x_wconf 85' lang='lat' dir='ltr'><strong>signant</strong></span> <span class='ocrx_word' id='word_1_81' title='bbox 913 1883 1053 1969; x_wconf 88' lang='lat' dir='ltr'><strong>uestigia</strong></span> <span class='ocrx_word' id='word_1_82' title='bbox 1075 1883 1216 1968; x_wconf 87' lang='lat' dir='ltr'><strong>plantae,</strong></span> 
     </span>
     <span class='ocr_line' id='line_1_15' title="bbox 350 1989 1120 2077; baseline -0.005 -19"><span class='ocrx_word' id='word_1_83' title='bbox 350 1992 520 2059; x_wconf 85' lang='lat' dir='ltr'><strong>Trinacria</strong></span> <span class='ocrx_word' id='word_1_84' title='bbox 541 1993 638 2059; x_wconf 86' lang='lat' dir='ltr'><strong>Italia</strong></span> <span class='ocrx_word' id='word_1_85' title='bbox 659 1998 786 2059; x_wconf 77' lang='lat' dir='ltr'><strong>tantum</strong></span> <span class='ocrx_word' id='word_1_86' title='bbox 808 1989 956 2077; x_wconf 85' lang='lat' dir='ltr'><strong>praecisa</strong></span> <span class='ocrx_word' id='word_1_87' title='bbox 978 1991 1120 2056; x_wconf 84' lang='lat' dir='ltr'><strong>recessit.</strong></span> 
     </span>
    </p>

    <p class='ocr_par' dir='ltr' id='par_1_6' title="bbox 216 2096 1177 2403">
     <span class='ocr_line' id='line_1_16' title="bbox 251 2096 1157 2168; baseline -0.003 -3"><span class='ocrx_word' id='word_1_88' title='bbox 251 2125 253 2127; x_wconf 62' lang='grc'>’</span> <span class='ocrx_word' id='word_1_89' title='bbox 351 2101 491 2168; x_wconf 87' lang='lat' dir='ltr'><strong>aduersa</strong></span> <span class='ocrx_word' id='word_1_90' title='bbox 511 2099 674 2167; x_wconf 79' lang='lat' dir='ltr'><strong>Euboicos</strong></span> <span class='ocrx_word' id='word_1_91' title='bbox 696 2100 834 2165; x_wconf 87' lang='lat' dir='ltr'><strong>miratur</strong></span> <span class='ocrx_word' id='word_1_92' title='bbox 857 2096 998 2163; x_wconf 81' lang='lat' dir='ltr'><strong>Graecia</strong></span> <span class='ocrx_word' id='word_1_93' title='bbox 1021 2104 1157 2163; x_wconf 87' lang='lat' dir='ltr'><strong>montes.</strong></span> 
     </span>
     <span class='ocr_line' id='line_1_17' title="bbox 349 2204 1177 2295; baseline -0.004 -22"><span class='ocrx_word' id='word_1_94' title='bbox 349 2214 399 2273; x_wconf 89' lang='lat' dir='ltr'><strong>cst</strong></span> <span class='ocrx_word' id='word_1_95' title='bbox 421 2208 569 2295; x_wconf 84' lang='lat' dir='ltr'><strong>genetrix</strong></span> <span class='ocrx_word' id='word_1_96' title='bbox 594 2206 691 2273; x_wconf 81' lang='lat' dir='ltr'><strong>Crete</strong></span> <span class='ocrx_word' id='word_1_97' title='bbox 713 2207 819 2272; x_wconf 90' lang='lat' dir='ltr'><strong>ciuem</strong></span> <span class='ocrx_word' id='word_1_98' title='bbox 842 2205 957 2271; x_wconf 85' lang='lat' dir='ltr'><strong>sortita</strong></span> <span class='ocrx_word' id='word_1_99' title='bbox 979 2204 1177 2285; x_wconf 83' lang='lat' dir='ltr'><strong>Tonantem3</strong></span> 
     </span>
     <span class='ocr_line' id='line_1_18' title="bbox 216 2313 1124 2403; baseline -0.006 -21"><span class='ocrx_word' id='word_1_100' title='bbox 216 2342 225 2361; x_wconf 84' lang='lat'><strong>·</strong></span> <span class='ocrx_word' id='word_1_101' title='bbox 297 2338 338 2383; x_wconf 83' lang='lat' dir='ltr'><strong>aas</strong></span> <span class='ocrx_word' id='word_1_102' title='bbox 352 2316 493 2403; x_wconf 82' lang='lat' dir='ltr'><strong>Aegypti</strong></span> <span class='ocrx_word' id='word_1_103' title='bbox 518 2315 641 2403; x_wconf 77' lang='lat' dir='ltr'><strong>Cypros</strong></span> <span class='ocrx_word' id='word_1_104' title='bbox 664 2316 812 2403; x_wconf 85' lang='lat' dir='ltr'><strong>pulsatur</strong></span> <span class='ocrx_word' id='word_1_105' title='bbox 834 2313 986 2380; x_wconf 90' lang='lat' dir='ltr'><strong>fluctibus</strong></span> <span class='ocrx_word' id='word_1_106' title='bbox 1010 2315 1124 2380; x_wconf 88' lang='lat' dir='ltr'><strong>omnis.</strong></span> 
     </span>
    </p>

    <p class='ocr_par' dir='ltr' id='par_1_7' title="bbox 347 2422 1481 2831">
     <span class='ocr_line' id='line_1_19' title="bbox 349 2422 1234 2510; baseline -0.002 -21"><span class='ocrx_word' id='word_1_107' title='bbox 349 2430 461 2510; x_wconf 87' lang='lat' dir='ltr'><strong>totque</strong></span> <span class='ocrx_word' id='word_1_108' title='bbox 485 2423 611 2489; x_wconf 89' lang='lat' dir='ltr'><strong>minora</strong></span> <span class='ocrx_word' id='word_1_109' title='bbox 632 2424 759 2488; x_wconf 88' lang='lat' dir='ltr'><strong>aola&#39;et</strong></span> <span class='ocrx_word' id='word_1_110' title='bbox 780 2428 890 2488; x_wconf 89' lang='lat' dir='ltr'><strong>tamen</strong></span> <span class='ocrx_word' id='word_1_111' title='bbox 914 2422 1114 2508; x_wconf 85' lang='lat' dir='ltr'><strong>emergentia</strong></span> <span class='ocrx_word' id='word_1_112' title='bbox 1136 2426 1234 2505; x_wconf 88' lang='lat' dir='ltr'><strong>punto</strong></span> 
     </span>
     <span class='ocr_line' id='line_1_20' title="bbox 354 2486 1481 2643; baseline -0.004 -46"><span class='ocrx_word' id='word_1_113' title='bbox 354 2532 458 2613; x_wconf 88' lang='lat' dir='ltr'><strong>mitto,</strong></span> <span class='ocrx_word' id='word_1_114' title='bbox 482 2532 535 2596; x_wconf 88' lang='lat' dir='ltr'><strong>nal</strong></span> <span class='ocrx_word' id='word_1_115' title='bbox 558 2520 707 2643; x_wconf 53' lang='lat' dir='ltr'><strong>Aegapas</strong></span> <span class='ocrx_word' id='word_1_116' title='bbox 730 2528 889 2617; x_wconf 77' lang='lat' dir='ltr'><strong>Cyclades</strong></span> <span class='ocrx_word' id='word_1_117' title='bbox 910 2529 1084 2614; x_wconf 88' lang='lat' dir='ltr'><strong>Delcnquc</strong></span> <span class='ocrx_word' id='word_1_118' title='bbox 1107 2526 1312 2613; x_wconf 85' lang='lat' dir='ltr'><strong>Rhodonque</strong></span> <span class='ocrx_word' id='word_1_119' title='bbox 1412 2486 1481 2624; x_wconf 49' lang='lat' dir='ltr'><strong>hl</strong></span> 
     </span>
     <span class='ocr_line' id='line_1_21' title="bbox 349 2634 1340 2725; baseline -0.006 -21"><span class='ocrx_word' id='word_1_120' title='bbox 349 2638 539 2725; x_wconf 83' lang='lat' dir='ltr'><strong>Aspidaqne</strong></span> <span class='ocrx_word' id='word_1_121' title='bbox 560 2643 593 2703; x_wconf 90' lang='lat' dir='ltr'><strong>et</strong></span> <span class='ocrx_word' id='word_1_122' title='bbox 616 2637 771 2703; x_wconf 86' lang='lat' dir='ltr'><strong>Tenedon</strong></span> <span class='ocrx_word' id='word_1_123' title='bbox 795 2636 968 2723; x_wconf 86' lang='lat' dir='ltr'><strong>uicinaque</strong></span> <span class='ocrx_word' id='word_1_124' title='bbox 992 2634 1126 2701; x_wconf 81' lang='lat' dir='ltr'><strong>Corsica</strong></span> <span class='ocrx_word' id='word_1_125' title='bbox 1148 2636 1242 2701; x_wconf 86' lang='lat' dir='ltr'><strong>terris</strong></span> <span class='ocrx_word' id='word_1_126' title='bbox 1337 2655 1340 2663; x_wconf 52' lang='lat'><strong>¹</strong></span> 
     </span>
     <span class='ocr_line' id='line_1_22' title="bbox 347 2743 1232 2831; baseline 0.001 -23"><span class='ocrx_word' id='word_1_127' title='bbox 347 2745 443 2813; x_wconf 90' lang='lat' dir='ltr'><strong>litora</strong></span> <span class='ocrx_word' id='word_1_128' title='bbox 467 2746 638 2812; x_wconf 83' lang='lat' dir='ltr'><strong>Sardiniae</strong></span> <span class='ocrx_word' id='word_1_129' title='bbox 660 2746 867 2831; x_wconf 88' lang='lat' dir='ltr'><strong>primumque</strong></span> <span class='ocrx_word' id='word_1_130' title='bbox 889 2744 1040 2810; x_wconf 87' lang='lat' dir='ltr'><strong>intrantis</strong></span> <span class='ocrx_word' id='word_1_131' title='bbox 1063 2745 1096 2809; x_wconf 91' lang='lat' dir='ltr'><strong>in</strong></span> <span class='ocrx_word' id='word_1_132' title='bbox 1120 2743 1232 2809; x_wconf 84' lang='lat' dir='ltr'><strong>orbern</strong></span> 
     </span>
    </p>

    <p class='ocr_par' dir='ltr' id='par_1_8' title="bbox 295 2852 1248 3371">
     <span class='ocr_line' id='line_1_23' title="bbox 295 2852 1186 2933; baseline -0.002 -14"><span class='ocrx_word' id='word_1_133' title='bbox 295 2876 336 2919; x_wconf 72' lang='lat' dir='ltr'><strong>ccc</strong></span> <span class='ocrx_word' id='word_1_134' title='bbox 350 2854 463 2919; x_wconf 88' lang='lat' dir='ltr'><strong>oceani</strong></span> <span class='ocrx_word' id='word_1_135' title='bbox 487 2854 653 2920; x_wconf 86' lang='lat' dir='ltr'><strong>uictricem</strong></span> <span class='ocrx_word' id='word_1_136' title='bbox 677 2852 823 2918; x_wconf 79' lang='lat' dir='ltr'><strong>Ebusum</strong></span> <span class='ocrx_word' id='word_1_137' title='bbox 847 2858 879 2918; x_wconf 90' lang='lat' dir='ltr'><strong>et</strong></span> <span class='ocrx_word' id='word_1_138' title='bbox 902 2852 1072 2918; x_wconf 77' lang='lat' dir='ltr'><strong>Balearica</strong></span> <span class='ocrx_word' id='word_1_139' title='bbox 1094 2872 1186 2933; x_wconf 83' lang='lat' dir='ltr'><strong>tura;</strong></span> 
     </span>
     <span class='ocr_line' id='line_1_24' title="bbox 350 2959 1248 3047; baseline -0.003 -21"><span class='ocrx_word' id='word_1_140' title='bbox 350 2962 513 3027; x_wconf 86' lang='lat' dir='ltr'><strong>innumeri</strong></span> <span class='ocrx_word' id='word_1_141' title='bbox 537 2968 674 3047; x_wconf 87' lang='lat' dir='ltr'><strong>snrgunt</strong></span> <span class='ocrx_word' id='word_1_142' title='bbox 696 2960 821 3046; x_wconf 86' lang='lat' dir='ltr'><strong>scopuli</strong></span> <span class='ocrx_word' id='word_1_143' title='bbox 843 2967 1035 3045; x_wconf 90' lang='lat' dir='ltr'><strong>montesque</strong></span> <span class='ocrx_word' id='word_1_144' title='bbox 1057 2980 1116 3046; x_wconf 86' lang='lat' dir='ltr'><strong>per</strong></span> <span class='ocrx_word' id='word_1_145' title='bbox 1138 2959 1248 3025; x_wconf 89' lang='lat' dir='ltr'><strong>altum.</strong></span> 
     </span>
     <span class='ocr_line' id='line_1_25' title="bbox 350 3067 1210 3154; baseline -0.003 -21"><span class='ocrx_word' id='word_1_146' title='bbox 350 3090 410 3133; x_wconf 85' lang='lat' dir='ltr'><strong>nec</strong></span> <span class='ocrx_word' id='word_1_147' title='bbox 435 3075 562 3136; x_wconf 88' lang='lat' dir='ltr'><strong>tantum</strong></span> <span class='ocrx_word' id='word_1_148' title='bbox 586 3090 626 3134; x_wconf 85' lang='lat' dir='ltr'><strong>ex</strong></span> <span class='ocrx_word' id='word_1_149' title='bbox 648 3089 715 3135; x_wconf 87' lang='lat' dir='ltr'><strong>una</strong></span> <span class='ocrx_word' id='word_1_150' title='bbox 737 3074 855 3154; x_wconf 89' lang='lat' dir='ltr'><strong>pontus</strong></span> <span class='ocrx_word' id='word_1_151' title='bbox 879 3067 941 3134; x_wconf 91' lang='lat' dir='ltr'><strong>sibi</strong></span> <span class='ocrx_word' id='word_1_152' title='bbox 964 3073 1055 3154; x_wconf 84' lang='lat' dir='ltr'><strong>parte</strong></span> <span class='ocrx_word' id='word_1_153' title='bbox 1077 3067 1210 3133; x_wconf 88' lang='lat' dir='ltr'><strong>reclusit</strong></span> 
     </span>
     <span class='ocr_line' id='line_1_26' title="bbox 349 3175 1154 3262; baseline 0 -21"><span class='ocrx_word' id='word_1_154' title='bbox 349 3176 497 3242; x_wconf 86' lang='lat' dir='ltr'><strong>lancibus</strong></span> <span class='ocrx_word' id='word_1_155' title='bbox 520 3176 664 3262; x_wconf 86' lang='lat' dir='ltr'><strong>abreptis</strong></span> <span class='ocrx_word' id='word_1_156' title='bbox 687 3175 817 3257; x_wconf 87' lang='lat' dir='ltr'><strong>crbem;</strong></span> <span class='ocrx_word' id='word_1_157' title='bbox 841 3196 918 3242; x_wconf 85' lang='lat' dir='ltr'><strong>nam</strong></span> <span class='ocrx_word' id='word_1_158' title='bbox 941 3176 1037 3243; x_wconf 89' lang='lat' dir='ltr'><strong>litora</strong></span> <span class='ocrx_word' id='word_1_159' title='bbox 1059 3175 1154 3262; x_wconf 83' lang='lat' dir='ltr'><strong>plura</strong></span> 
     </span>
     <span class='ocr_line' id='line_1_27' title="bbox 350 3283 1128 3371; baseline 0 -23"><span class='ocrx_word' id='word_1_160' title='bbox 350 3284 478 3371; x_wconf 84' lang='lat' dir='ltr'><strong>impulit</strong></span> <span class='ocrx_word' id='word_1_161' title='bbox 501 3304 633 3367; x_wconf 89' lang='lat' dir='ltr'><strong>oceano,</strong></span> <span class='ocrx_word' id='word_1_162' title='bbox 657 3285 764 3370; x_wconf 88' lang='lat' dir='ltr'><strong>potius</strong></span> <span class='ocrx_word' id='word_1_163' title='bbox 788 3283 845 3349; x_wconf 91' lang='lat' dir='ltr'><strong>sed</strong></span> <span class='ocrx_word' id='word_1_164' title='bbox 868 3284 1033 3350; x_wconf 89' lang='lat' dir='ltr'><strong>montibus</strong></span> <span class='ocrx_word' id='word_1_165' title='bbox 1056 3283 1128 3349; x_wconf 87' lang='lat' dir='ltr'><strong>altis</strong></span> 
     </span>
    </p>

    <p class='ocr_par' dir='ltr' id='par_1_9' title="bbox 295 3392 1277 3610">
     <span class='ocr_line' id='line_1_28' title="bbox 295 3392 1231 3478; baseline -0.002 -21"><span class='ocrx_word' id='word_1_166' title='bbox 295 3413 337 3457; x_wconf 81' lang='lat' dir='ltr'><strong>crs</strong></span> <span class='ocrx_word' id='word_1_167' title='bbox 351 3399 400 3457; x_wconf 88' lang='lat' dir='ltr'><strong>est</strong></span> <span class='ocrx_word' id='word_1_168' title='bbox 423 3392 554 3475; x_wconf 87' lang='lat' dir='ltr'><strong>uetitus,</strong></span> <span class='ocrx_word' id='word_1_169' title='bbox 577 3398 679 3459; x_wconf 89' lang='lat' dir='ltr'><strong>totam</strong></span> <span class='ocrx_word' id='word_1_170' title='bbox 701 3413 744 3458; x_wconf 90' lang='lat' dir='ltr'><strong>ne</strong></span> <span class='ocrx_word' id='word_1_171' title='bbox 766 3393 913 3458; x_wconf 88' lang='lat' dir='ltr'><strong>uinceret</strong></span> <span class='ocrx_word' id='word_1_172' title='bbox 936 3412 1077 3478; x_wconf 86' lang='lat' dir='ltr'><strong>aequore</strong></span> <span class='ocrx_word' id='word_1_173' title='bbox 1100 3396 1231 3456; x_wconf 86' lang='lat' dir='ltr'><strong>terram.</strong></span> 
     </span>
     <span class='ocr_line' id='line_1_29' title="bbox 349 3498 1277 3610; baseline -0.002 -45"><span class='ocrx_word' id='word_1_174' title='bbox 349 3520 491 3587; x_wconf 89' lang='lat' dir='ltr'><strong>namque</strong></span> <span class='ocrx_word' id='word_1_175' title='bbox 515 3499 601 3566; x_wconf 86' lang='lat' dir='ltr'><strong>inter</strong></span> <span class='ocrx_word' id='word_1_176' title='bbox 622 3500 744 3566; x_wconf 86' lang='lat' dir='ltr'><strong>borean</strong></span> <span class='ocrx_word' id='word_1_177' title='bbox 768 3506 940 3585; x_wconf 87' lang='lat' dir='ltr'><strong>ortumque</strong></span> <span class='ocrx_word' id='word_1_178' title='bbox 963 3504 1085 3565; x_wconf 88' lang='lat' dir='ltr'><strong>aestate</strong></span> <span class='ocrx_word' id='word_1_179' title='bbox 1108 3498 1277 3610; x_wconf 44' lang='lat' dir='ltr'><strong>nitentem}</strong></span> 
     </span>
    </p>
   </div>
   <div class='ocr_carea' id='block_1_3' title="bbox 146 3694 1508 4767">
    <p class='ocr_par' dir='ltr' id='par_1_10' title="bbox 146 3694 1508 4767">
     <span class='ocr_line' id='line_1_30' title="bbox 297 3694 1506 3785; baseline 0.001 -17"><span class='ocrx_word' id='word_1_180' title='bbox 297 3714 350 3768; x_wconf 82' lang='lat' dir='ltr'><strong>cre</strong></span> <span class='ocrx_word' id='word_1_181' title='bbox 372 3715 472 3769; x_wconf 68' lang='lat' dir='ltr'><strong>nausa</strong></span> <span class='ocrx_word' id='word_1_182' title='bbox 485 3717 609 3785; x_wconf 69' lang='lat' dir='ltr'><strong>parm</strong></span> <span class='ocrx_word' id='word_1_183' title='bbox 634 3740 667 3751; x_wconf 91' lang='lat'><em>-</em></span> <span class='ocrx_word' id='word_1_184' title='bbox 691 3712 745 3769; x_wconf 78' lang='lat' dir='ltr'><strong>cac</strong></span> <span class='ocrx_word' id='word_1_185' title='bbox 767 3694 1022 3785; x_wconf 59' lang='lat' dir='ltr'><strong>Hermaeum</strong></span> <span class='ocrx_word' id='word_1_186' title='bbox 1044 3712 1250 3784; x_wconf 57' lang='lat' dir='ltr'><strong>armornm</strong></span> <span class='ocrx_word' id='word_1_187' title='bbox 1263 3726 1291 3767; x_wconf 85' lang='lat' dir='ltr'><strong>m</strong></span> <span class='ocrx_word' id='word_1_188' title='bbox 1317 3740 1349 3750; x_wconf 89' lang='lat'>-</span> <span class='ocrx_word' id='word_1_189' title='bbox 1375 3715 1425 3767; x_wconf 78' lang='lat' dir='ltr'><strong>aar</strong></span> <span class='ocrx_word' id='word_1_190' title='bbox 1450 3730 1506 3783; x_wconf 64' lang='lat' dir='ltr'><strong>ryc—</strong></span> 
     </span>
     <span class='ocr_line' id='line_1_31' title="bbox 185 3809 1505 3883; baseline -0.002 -14"><span class='ocrx_word' id='word_1_191' title='bbox 185 3825 321 3881; x_wconf 75' lang='lat' dir='ltr'><strong>amrqueg</strong></span> <span class='ocrx_word' id='word_1_192' title='bbox 342 3813 487 3868; x_wconf 66' lang='lat' dir='ltr'><strong>niteretuc</strong></span> <span class='ocrx_word' id='word_1_193' title='bbox 512 3840 545 3851; x_wconf 93' lang='lat'>-</span> <span class='ocrx_word' id='word_1_194' title='bbox 569 3810 814 3883; x_wconf 69' lang='lat' dir='ltr'><strong>tttpcpulculm</strong></span> <span class='ocrx_word' id='word_1_195' title='bbox 833 3812 984 3883; x_wconf 78' lang='lat' dir='ltr'><strong>populoru</strong></span> <span class='ocrx_word' id='word_1_196' title='bbox 1007 3812 1083 3867; x_wconf 81' lang='lat' dir='ltr'><strong>cetae</strong></span> <span class='ocrx_word' id='word_1_197' title='bbox 1101 3809 1149 3881; x_wconf 63' lang='lat' dir='ltr'><strong>ql</strong></span> <span class='ocrx_word' id='word_1_198' title='bbox 1177 3814 1236 3867; x_wconf 78' lang='lat' dir='ltr'><strong>criu</strong></span> <span class='ocrx_word' id='word_1_199' title='bbox 1255 3816 1321 3867; x_wconf 65' lang='lat' dir='ltr'><strong>nm</strong></span> <span class='ocrx_word' id='word_1_200' title='bbox 1351 3815 1505 3881; x_wconf 78' lang='lat' dir='ltr'><strong>tropaeam</strong></span> 
     </span>
     <span class='ocr_line' id='line_1_32' title="bbox 186 3909 1505 3997; baseline -0.001 -30"><span class='ocrx_word' id='word_1_201' title='bbox 186 3909 390 3997; x_wconf 68' lang='lat' dir='ltr'><strong>troptoan-</strong></span> <span class='ocrx_word' id='word_1_202' title='bbox 414 3909 582 3979; x_wconf 69' lang='lat' dir='ltr'><strong>ttdqaotg</strong></span> <span class='ocrx_word' id='word_1_203' title='bbox 608 3911 715 3978; x_wconf 74' lang='lat' dir='ltr'><strong>quoda</strong></span> <span class='ocrx_word' id='word_1_204' title='bbox 742 3925 913 3980; x_wconf 75' lang='lat' dir='ltr'><strong>carumqm</strong></span> <span class='ocrx_word' id='word_1_205' title='bbox 941 3926 1100 3979; x_wconf 62' lang='lat' dir='ltr'><strong>erasmae</strong></span> <span class='ocrx_word' id='word_1_206' title='bbox 1123 3938 1157 3948; x_wconf 94' lang='lat'><em>-</em></span> <span class='ocrx_word' id='word_1_207' title='bbox 1182 3910 1234 3965; x_wconf 72' lang='lat'><strong>624</strong></span> <span class='ocrx_word' id='word_1_208' title='bbox 1256 3910 1446 3981; x_wconf 69' lang='lat' dir='ltr'><strong>ariampn</strong></span> <span class='ocrx_word' id='word_1_209' title='bbox 1473 3940 1505 3949; x_wconf 98' lang='lat'>-</span> 
     </span>
     <span class='ocr_line' id='line_1_33' title="bbox 185 3994 1505 4079; baseline 0.001 -15"><span class='ocrx_word' id='word_1_210' title='bbox 185 3994 418 4078; x_wconf 57' lang='lat' dir='ltr'><strong>caementi</strong></span> <span class='ocrx_word' id='word_1_211' title='bbox 440 4008 605 4078; x_wconf 56' lang='lat' dir='ltr'><strong>rosum</strong></span> <span class='ocrx_word' id='word_1_212' title='bbox 627 4008 796 4079; x_wconf 62' lang='lat' dir='ltr'><strong>scyram</strong></span> <span class='ocrx_word' id='word_1_213' title='bbox 817 4009 982 4079; x_wconf 57' lang='lat' dir='ltr'><strong>marco</strong></span> <span class='ocrx_word' id='word_1_214' title='bbox 1005 4022 1151 4077; x_wconf 60' lang='lat' dir='ltr'><strong>aqueae</strong></span> <span class='ocrx_word' id='word_1_215' title='bbox 1177 4036 1208 4047; x_wconf 89' lang='lat'>-</span> <span class='ocrx_word' id='word_1_216' title='bbox 1233 4009 1284 4063; x_wconf 80' lang='lat' dir='ltr'><strong>aas</strong></span> <span class='ocrx_word' id='word_1_217' title='bbox 1308 4008 1449 4065; x_wconf 64' lang='lat' dir='ltr'><strong>macc</strong></span> <span class='ocrx_word' id='word_1_218' title='bbox 1473 4037 1505 4047; x_wconf 97' lang='lat'>-</span> 
     </span>
     <span class='ocr_line' id='line_1_34' title="bbox 146 4085 1506 4179; baseline -0.001 -17"><span class='ocrx_word' id='word_1_219' title='bbox 146 4150 163 4177; x_wconf 80' lang='grc'><em>,</em></span> <span class='ocrx_word' id='word_1_220' title='bbox 186 4107 243 4162; x_wconf 86' lang='grc'><strong>634</strong></span> <span class='ocrx_word' id='word_1_221' title='bbox 262 4109 317 4161; x_wconf 80' lang='lat' dir='ltr'><strong>cto</strong></span> <span class='ocrx_word' id='word_1_222' title='bbox 332 4091 505 4176; x_wconf 72' lang='lat' dir='ltr'><strong>qasilricrlg</strong></span> <span class='ocrx_word' id='word_1_223' title='bbox 527 4110 630 4163; x_wconf 74' lang='lat' dir='ltr'><strong>craton</strong></span> <span class='ocrx_word' id='word_1_224' title='bbox 649 4134 683 4144; x_wconf 91' lang='lat'><em>-</em></span> <span class='ocrx_word' id='word_1_225' title='bbox 702 4107 755 4161; x_wconf 80' lang='grc'><strong>635</strong></span> <span class='ocrx_word' id='word_1_226' title='bbox 772 4098 908 4179; x_wconf 65' lang='grc' dir='ltr'><strong><em>Αοῇῃίία</em></strong></span> <span class='ocrx_word' id='word_1_227' title='bbox 926 4085 1018 4177; x_wconf 68' lang='lat' dir='ltr'><strong>tipice</strong></span> <span class='ocrx_word' id='word_1_228' title='bbox 1030 4098 1189 4177; x_wconf 68' lang='lat' dir='ltr'><strong>picatml</strong></span> <span class='ocrx_word' id='word_1_229' title='bbox 1207 4126 1240 4177; x_wconf 88' lang='lat' dir='ltr'><strong>p.</strong></span> <span class='ocrx_word' id='word_1_230' title='bbox 1258 4124 1281 4162; x_wconf 88' lang='lat' dir='ltr'><strong>c.</strong></span> <span class='ocrx_word' id='word_1_231' title='bbox 1299 4122 1386 4177; x_wconf 53' lang='lat' dir='ltr'><strong>cepa</strong></span> <span class='ocrx_word' id='word_1_232' title='bbox 1408 4124 1465 4178; x_wconf 74' lang='lat' dir='ltr'><strong>neq.</strong></span> <span class='ocrx_word' id='word_1_233' title='bbox 1484 4126 1506 4163; x_wconf 87' lang='lat' dir='ltr'><strong>c.</strong></span> 
     </span>
     <span class='ocr_line' id='line_1_35' title="bbox 183 4197 1507 4277; baseline 0.002 -18"><span class='ocrx_word' id='word_1_234' title='bbox 183 4222 215 4277; x_wconf 81' lang='lat' dir='ltr'><strong>p.</strong></span> <span class='ocrx_word' id='word_1_235' title='bbox 235 4216 289 4272; x_wconf 83' lang='lat' dir='ltr'><strong>gm</strong></span> <span class='ocrx_word' id='word_1_236' title='bbox 312 4205 435 4259; x_wconf 64' lang='lat' dir='ltr'><strong>ommia</strong></span> <span class='ocrx_word' id='word_1_237' title='bbox 461 4232 494 4241; x_wconf 91' lang='lat'><em>-</em></span> <span class='ocrx_word' id='word_1_238' title='bbox 519 4204 571 4259; x_wconf 89' lang='grc'><strong>636</strong></span> <span class='ocrx_word' id='word_1_239' title='bbox 593 4205 801 4261; x_wconf 65' lang='lat' dir='ltr'><strong>mmmmm</strong></span> <span class='ocrx_word' id='word_1_240' title='bbox 823 4205 1027 4261; x_wconf 69' lang='lat' dir='ltr'><strong>cohtumeau</strong></span> <span class='ocrx_word' id='word_1_241' title='bbox 1051 4232 1084 4243; x_wconf 89' lang='lat'><strong>-</strong></span> <span class='ocrx_word' id='word_1_242' title='bbox 1108 4206 1160 4261; x_wconf 81' lang='grc'><strong>637</strong></span> <span class='ocrx_word' id='word_1_243' title='bbox 1181 4206 1277 4261; x_wconf 82' lang='lat' dir='ltr'><strong>littora</strong></span> <span class='ocrx_word' id='word_1_244' title='bbox 1296 4209 1352 4263; x_wconf 81' lang='lat' dir='ltr'><strong>etc</strong></span> <span class='ocrx_word' id='word_1_245' title='bbox 1378 4197 1507 4277; x_wconf 80' lang='lat' dir='ltr'><strong>cquulisl</strong></span> 
     </span>
     <span class='ocr_line' id='line_1_36' title="bbox 184 4302 1505 4373; baseline 0.001 -15"><span class='ocrx_word' id='word_1_246' title='bbox 184 4302 1505 4373; x_wconf 70' lang='lat' dir='ltr'><strong>cemitegmequctcrocicladcsodcthoemrcdcaquelg—638Aulidcqsoectencdumlg</strong></span> 
     </span>
     <span class='ocr_line' id='line_1_37' title="bbox 184 4386 1507 4471; baseline -0.002 -12"><span class='ocrx_word' id='word_1_247' title='bbox 184 4386 1507 4471; x_wconf 57' lang='lat' dir='ltr'><strong>umnamcseiccammameecmmffi)mmmmoereslalcorsicantmtal-</strong></span> 
     </span>
     <span class='ocr_line' id='line_1_38' title="bbox 185 4498 1508 4570; baseline -0.002 -14"><span class='ocrx_word' id='word_1_248' title='bbox 185 4500 242 4557; x_wconf 85' lang='grc'><strong>639</strong></span> <span class='ocrx_word' id='word_1_249' title='bbox 261 4500 387 4570; x_wconf 72' lang='lat' dir='ltr'><strong>primum</strong></span> <span class='ocrx_word' id='word_1_250' title='bbox 407 4500 513 4568; x_wconf 61' lang='lat' dir='ltr'><strong>intas</strong></span> <span class='ocrx_word' id='word_1_251' title='bbox 539 4500 635 4555; x_wconf 78' lang='lat' dir='ltr'><strong>orbec</strong></span> <span class='ocrx_word' id='word_1_252' title='bbox 664 4528 697 4538; x_wconf 94' lang='lat'>-</span> <span class='ocrx_word' id='word_1_253' title='bbox 725 4501 779 4555; x_wconf 90' lang='grc'><strong>640</strong></span> <span class='ocrx_word' id='word_1_254' title='bbox 798 4501 913 4555; x_wconf 60' lang='lat' dir='ltr'><strong>“idria</strong></span> <span class='ocrx_word' id='word_1_255' title='bbox 935 4500 1014 4568; x_wconf 75' lang='lat' dir='ltr'><strong>metu</strong></span> <span class='ocrx_word' id='word_1_256' title='bbox 1035 4516 1098 4556; x_wconf 72' lang='lat' dir='ltr'><strong>mm</strong></span> <span class='ocrx_word' id='word_1_257' title='bbox 1115 4498 1253 4569; x_wconf 70' lang='lat' dir='ltr'><strong>usumql</strong></span> <span class='ocrx_word' id='word_1_258' title='bbox 1279 4500 1392 4555; x_wconf 60' lang='lat' dir='ltr'><strong>uictima</strong></span> <span class='ocrx_word' id='word_1_259' title='bbox 1409 4498 1508 4555; x_wconf 71' lang='lat' dir='ltr'><strong>malias</strong></span> 
     </span>
     <span class='ocr_line' id='line_1_39' title="bbox 182 4579 1503 4667; baseline -0.002 -12"><span class='ocrx_word' id='word_1_260' title='bbox 182 4579 1503 4667; x_wconf 61' lang='lat' dir='ltr'><strong>murcomannum-ocrsnnumordmlisacmmmm-ecnrulme-</strong></span> 
     </span>
     <span class='ocr_line' id='line_1_40' title="bbox 185 4695 1502 4767; baseline -0.005 -13"><span class='ocrx_word' id='word_1_261' title='bbox 185 4701 241 4755; x_wconf 85' lang='grc'><strong>644</strong></span> <span class='ocrx_word' id='word_1_262' title='bbox 260 4696 364 4767; x_wconf 76' lang='lat' dir='ltr'><strong>inpulit</strong></span> <span class='ocrx_word' id='word_1_263' title='bbox 376 4710 430 4766; x_wconf 80' lang='lat' dir='ltr'><strong>gm</strong></span> <span class='ocrx_word' id='word_1_264' title='bbox 443 4698 537 4767; x_wconf 72' lang='lat' dir='ltr'><strong>potitae</strong></span> <span class='ocrx_word' id='word_1_265' title='bbox 549 4695 586 4766; x_wconf 86' lang='lat' dir='ltr'><strong>lg</strong></span> <span class='ocrx_word' id='word_1_266' title='bbox 597 4697 695 4766; x_wconf 64' lang='lat' dir='ltr'><strong>meista</strong></span> <span class='ocrx_word' id='word_1_267' title='bbox 707 4710 757 4751; x_wconf 88' lang='lat' dir='ltr'><strong>om</strong></span> <span class='ocrx_word' id='word_1_268' title='bbox 772 4724 804 4735; x_wconf 94' lang='lat'>-</span> <span class='ocrx_word' id='word_1_269' title='bbox 822 4699 875 4753; x_wconf 84' lang='grc'><strong>646</strong></span> <span class='ocrx_word' id='word_1_270' title='bbox 887 4696 1014 4754; x_wconf 75' lang='lat' dir='ltr'><strong>tcrmml</strong></span> <span class='ocrx_word' id='word_1_271' title='bbox 1031 4698 1179 4765; x_wconf 79' lang='lat' dir='ltr'><strong>borecagc</strong></span> <span class='ocrx_word' id='word_1_272' title='bbox 1197 4696 1274 4751; x_wconf 70' lang='lat' dir='ltr'><strong>term</strong></span> <span class='ocrx_word' id='word_1_273' title='bbox 1292 4700 1454 4764; x_wconf 65' lang='lat' dir='ltr'><strong>uarumque</strong></span> <span class='ocrx_word' id='word_1_274' title='bbox 1464 4708 1502 4748; x_wconf 91' lang='lat' dir='ltr'><strong>m.</strong></span> 
     </span>
    </p>
   </div>
   <div class='ocr_carea' id='block_1_4' title="bbox 0 0 1826 5252">
    <p class='ocr_par' dir='ltr' id='par_1_11' title="bbox 0 0 1826 5252">
     <span class='ocr_line' id='line_1_41' title="bbox 0 0 1826 5252; baseline 0 0"><span class='ocrx_word' id='word_1_275' title='bbox 0 0 1826 5252; x_wconf 95' lang='lat' dir='ltr'><strong> </strong></span> 
     </span>
    </p>
   </div>
  </div>
 </body>
</html>
