3642 5259
706 393 793 451 Liber
811 392 830 449 I.
869 396 1019 451 619-646.

367 632 489 699 perque
512 611 610 697 pedes
633 612 755 697 primos
778 612 938 677 cornicem
962 612 1078 677 transit
1100 618 1133 676 et
1154 633 1260 694 ursae,

313 742 467 806 seoquam
490 727 613 805 septem
637 719 749 784 stellae
771 720 909 806 primam
934 720 1000 784 iam
1022 708 1096 837 solj
1115 726 1237 785 remoto
1311 730 1337 785 Δ
1359 695 1384 816 f

369 827 551 914 producunt
573 828 686 913 nigrae
710 828 920 912 praebentem
943 827 1067 892 lumina
1089 829 1186 907 nocti,

368 940 401 999 et
423 933 560 1021 geminis
584 955 738 999 cenorum
761 933 883 999 dirimit
905 935 1099 1021 stringitque
1121 936 1312 1019 flagrantem

370 1064 425 1108 ore
449 1064 563 1108 canem
588 1043 781 1128 clauumque
804 1044 892 1125 ratis,
918 1064 1002 1128 quae
1025 1043 1149 1109 uicerat
1170 1065 1301 1129 aequor.

258 1136 281 1223 ⁵,
369 1151 444 1216 iude
467 1172 561 1215 exem
585 1151 747 1215 occultum
769 1172 828 1236 per
850 1152 922 1237 gyri
944 1152 1038 1236 signa
1060 1151 1176 1236 prioris

316 1283 356 1325 666
370 1266 556 1325 transuersa
579 1264 675 1344 etque
698 1258 753 1323 illo
777 1280 888 1323 rursus
911 1259 952 1324 de
974 1259 1077 1324 limite
1100 1259 1205 1344 tangit

369 1373 412 1449 te,
435 1367 632 1451 capricorno,
657 1365 785 1452 tuisque
809 1367 951 1452 aquilam
975 1367 1123 1453 designat
1146 1368 1187 1431 ab
1210 1368 1306 1432 astris

352 1496 490 1561 'perque
513 1476 617 1561 lyram
639 1475 804 1540 inuerscm
827 1496 961 1541 currens
984 1476 1152 1560 spirasqne
1175 1475 1325 1541 draconis

370 1583 548 1669 posteriora
571 1582 689 1668 pedum
714 1580 901 1669 Cynosurae
924 1584 1079 1668 praeterit
1101 1588 1189 1647 astra

288 1712 289 1716 ¹
368 1697 652 1775 transuersemque
675 1696 763 1755 secat
786 1691 893 1755 uicino
917 1690 1049 1756 cardine
1073 1691 1219 1756 caudam.

316 1822 356 1863 eso
371 1798 422 1863 hic
446 1799 563 1863 iterum
588 1799 650 1864 coit
672 1799 742 1884 ipse
766 1799 827 1863 sibi
851 1820 975 1864 memor
997 1800 1085 1864 unde
1108 1800 1281 1885 profectus.

422 1912 519 1991 atque
543 1905 592 1970 his
616 1912 782 1971 astemam
805 1907 946 1971 fixerunt
968 1913 1115 1993 tempore
1137 1908 1248 1972 sedem

369 2004 499 2078 inmotis
522 2034 581 2098 per
602 2014 696 2098 sigua
719 2013 823 2078 modis
846 2014 984 2079 stelione
1006 2016 1151 2100 perenni,

368 2122 428 2187 hos
450 2120 592 2187 uolneris
615 2121 722 2186 iecere
746 2121 841 2202 du0s3
864 2142 1006 2208 namque
1029 2122 1111 2187 citer
1134 2121 1174 2186 ab
1198 2122 1268 2208 ipsa

369 2250 567 2315 consurgens
591 2229 706 2294 Helice
728 2230 869 2294 medinm
894 2230 1053 2314 praecidit
1075 2230 1250 2315 Olympum

316 2360 356 2402 666
371 2336 587 2423 discernitque
611 2338 696 2401 diem
720 2342 908 2422 sextamque
933 2340 1097 2403 examinat
1119 2338 1233 2403 horam

369 2450 401 2509 st
423 2445 556 2530 paribus
578 2446 690 2530 spatiis
714 2465 846 2509 occasus
870 2446 973 2509 cernit
996 2452 1029 2509 st
1050 2451 1149 2510 ortus.

369 2551 421 2617 hio
446 2558 549 2617 mutat
571 2574 629 2637 per
651 2554 744 2637 signa
767 2554 868 2617 uices:
894 2574 954 2617 ceu
977 2553 1004 2619 si
1028 2554 1099 2638 quis
1122 2573 1198 2618 eoos

370 2680 427 2724 seu
450 2661 531 2745 petit
554 2660 729 2746 hesperios,
754 2682 852 2745 supra
875 2682 909 2725 se
933 2661 1068 2727 circinat
1090 2661 1201 2726 orbem

371 2767 547 2833 uerticibus
570 2788 668 2853 super
691 2773 850 2833 astantem
873 2769 1080 2854 mediumque
1103 2774 1267 2833 secantem

317 2896 356 2939 646
370 2875 495 2939 caelum
519 2880 552 2939 et
574 2874 678 2939 diuiso
703 2876 885 2961 signantem
909 2876 1050 2941 culmine
1070 2876 1227 2940 mundum
1258 2923 1264 2931 .

316 3006 356 3047 641
370 3002 509 3067 cumque
532 2982 603 3047 loco
628 2989 733 3048 terras
757 2982 948 3069 caelumque
971 2990 1004 3048 et
1026 2990 1173 3070 tempore
1196 2988 1310 3063 mutet,

317 3112 355 3153 su
371 3089 499 3175 quondo
524 3090 596 3155 aliis
619 3090 708 3155 eliud
732 3090 873 3155 medium
898 3097 961 3171 est3
985 3092 1075 3156 uolat
1097 3091 1178 3156 hora
1200 3110 1259 3175 per
1282 3089 1402 3166 orbem,

316 3221 355 3262 666
370 3202 466 3282 atque
489 3197 545 3261 ubi
568 3219 603 3262 se
626 3198 738 3283 primis
764 3198 888 3262 extollit
911 3197 1063 3265 Phoebus
1086 3199 1127 3264 ab
1152 3198 1253 3277 undis,

368 3304 432 3369 illis
456 3310 546 3371 sexta
569 3309 691 3389 manet,
717 3328 797 3391 quos
821 3311 889 3371 tum
913 3307 1031 3392 premit
1054 3328 1172 3371 aureus
1196 3305 1292 3371 orbis.

317 3433 481 3477 aurursus
506 3413 547 3477 ad
571 3412 736 3499 hesperios
759 3418 850 3478 sexta
872 3420 931 3493 est,
955 3414 1011 3479 ubi
1034 3414 1120 3478 cedit
1140 3413 1175 3477 in
1198 3413 1344 3490 umbras3

371 3540 429 3584 nos
452 3520 589 3604 primam
614 3542 651 3585 ac
674 3542 834 3586 summam
859 3526 981 3586 sextam
1006 3541 1214 3586 numeramus
1236 3525 1407 3602 utramque

371 3630 406 3691 st
427 3627 570 3712 gelidum
594 3634 737 3693 extremo
761 3629 870 3693 lumen
894 3629 1052 3694 sentimus
1075 3630 1116 3694 ab
1139 3628 1216 3713 igni.

371 3734 503 3799 alterius
525 3736 607 3800 fines
630 3736 729 3801 sinis
753 3756 948 3821 cognoscere
971 3737 1052 3822 gyri,

318 4050 369 4102 cro
382 4010 478 4117 liiii
489 4064 517 4103 m
537 4076 569 4085 -
594 4049 644 4103 666
664 4048 769 4103 romeu
786 4062 814 4103 m
835 4076 868 4085 -
887 4050 939 4103 616
958 4046 1069 4119 rosnat
1082 4048 1111 4117 6.
1131 4063 1160 4103 m
1183 4076 1215 4084 -
1241 4048 1294 4101 666
1312 4061 1411 4100 anam
1430 4058 1460 4098 m
1484 4072 1517 4080 -

209 4148 263 4203 625
275 4144 387 4201 dilimite
399 4162 428 4203 m
441 4172 474 4185 ·-
486 4149 537 4202 627
550 4162 711 4215 carcereque
722 4147 809 4214 spiras
821 4162 850 4202 m
861 4176 893 4184 -
905 4149 958 4202 628
967 4148 1097 4216 praeterit
1106 4161 1134 4200 ru
1144 4145 1290 4214 pertento
1303 4143 1314 4210 (
1315 4142 1432 4212 prom
1438 4140 1470 4212 p)
1484 4170 1516 4179 -—

209 4246 264 4301 630
282 4246 346 4299 inde
364 4260 393 4299 m
417 4276 451 4287 -
475 4246 543 4301 onie
562 4246 613 4299 631
633 4244 665 4299 de
683 4244 871 4301 ombitomate
888 4248 916 4300 ct
932 4244 1065 4301 horisontc
1082 4243 1118 4313 gl
1142 4274 1174 4281 -
1199 4246 1249 4298 631
1269 4242 1345 4298 ioco
1363 4244 1475 4296 aeterna
1488 4255 1518 4295 m

207 4342 333 4398 scdemu
357 4341 470 4409 (scriem
495 4329 1517 4409 1)-6311666614661-631116666666666666616666616-

209 4442 262 4497 638
284 4440 359 4509 parit
376 4454 406 4495 m
428 4468 460 4478 -
483 4442 536 4495 640
556 4440 686 4495 cdmioct
702 4454 732 4495 m
754 4470 787 4479 --
810 4442 861 4496 641
884 4454 1003 4496 uersum
1024 4439 1141 4494 uncinis
1163 4438 1289 4495 includit
1311 4453 1341 4492 m
1363 4468 1393 4477 -
1421 4441 1472 4493 642
1494 4440 1521 4493 ct

209 4552 257 4594 om
272 4552 345 4592 m-
359 4539 411 4593 643
423 4537 546 4593 otardus
560 4552 587 4593 m
600 4572 636 4580 -
654 4541 706 4593 644
719 4541 809 4595 amco
822 4538 964 4609 meorum
983 4568 1015 4577 -
1033 4539 1085 4591 646
1098 4540 1231 4607 emaque
1244 4551 1264 4604 g
1279 4542 1333 4604 atq.
1348 4552 1364 4591 c
1382 4535 1517 4606 cacque}

207 4629 324 4703 aseae
341 4650 368 4689 m
392 4634 442 4691 hic
463 4634 570 4705 repetit
586 4648 703 4693 uersum
722 4638 772 4692 641
792 4650 823 4691 m
846 4635 891 4705 (L)
913 4642 1062 4692 6646661661
1084 4647 1114 4688 m
1139 4634 1196 4703 6966·
1214 4649 1243 4691 m
1272 4661 1304 4671 -
1329 4633 1381 4691 648
1404 4650 1465 4689 moe
1488 4648 1517 4693 111

204 4732 277 4805 piris
289 4731 356 4788 lmc
370 4736 427 4805 pin·
441 4748 469 4807 g.
