3642 5259
816 361 902 419 biber
920 361 971 419 111.
1007 364 1158 419 tas-465.

491 600 531 644 ex
553 579 611 643 illa
634 578 767 644 totidem
790 600 849 665 per
870 583 980 665 partes
1004 578 1050 645 sio
1073 579 1264 645 breuiantar

437 709 478 751 res
491 687 629 771 lanigeri
652 687 809 770 adfines,
833 708 1057 774 conuersaque
1081 688 1190 753 omnia
1212 687 1285 773 lege

492 794 655 880 accipiunt
677 795 881 881 perdantque
904 796 992 881 peris
1017 796 1165 861 cedentia
1187 801 1299 861 sortes.

491 902 572 967 haec
596 903 650 967 uia
673 903 865 968 monstrabit
887 903 1067 969 stadiorum
1090 924 1212 989 ponere
1236 924 1379 968 summas

491 1016 524 1074 et
547 1030 719 1074 numerare
742 1030 817 1074 suos
841 1016 930 1075 ortus
953 1030 1013 1095 per
1036 1009 1143 1075 sidera
1168 1016 1293 1075 cuncta.

493 1117 579 1204 quod
603 1116 685 1181 bene
709 1138 782 1181 cum
805 1118 944 1204 propriis
969 1118 1065 1183 simul
1088 1119 1308 1203 acceptaueris
1332 1118 1430 1199 horis,

438 1248 479 1291 440
492 1227 526 1289 in
551 1224 640 1289 nulla
662 1224 754 1288 fallet
775 1226 909 1310 regione
933 1225 1130 1310 horoscopus
1153 1246 1319 1310 umquem,

492 1354 563 1397 cum
588 1338 741 1417 poterunt
763 1332 859 1397 certis
882 1333 1053 1399 numerari
1072 1332 1201 1416 singula
1225 1334 1318 1418 signu
1425 1418 1427 1422 ι

493 1438 692 1526 temporibus
715 1444 806 1524 parte
830 1462 869 1504 ex
892 1440 959 1519 iila,
983 1460 1080 1525 quam
1107 1439 1259 1506 Phoebus
1283 1441 1424 1506 habebit.

545 1570 629 1612 nunc
653 1546 770 1632 quibus
793 1547 920 1611 hiberni
944 1548 1116 1612 momentis
1140 1570 1273 1632 surgere
1296 1569 1424 1614 meuses

493 1656 659 1741 incipiant,
682 1675 788 1739 neque
811 1655 897 1719 enim
922 1655 1054 1739 paribus
1077 1676 1136 1739 per
1158 1656 1265 1720 sidera
1288 1662 1403 1721 cuucta

439 1787 479 1830 rsa
493 1763 673 1849 procedunt
695 1761 860 1846 gradibus,
885 1761 971 1826 niuei
997 1762 1073 1826 dum
1097 1762 1221 1827 uellera
1245 1763 1328 1848 sigui

406 1944 410 1955 ι
494 1872 686 1955 contingunt
709 1890 848 1955 aequum
872 1870 962 1933 luces
985 1870 1134 1953 cogentia
1158 1877 1189 1934 et
1214 1870 1345 1935 umbras

494 1979 579 2043 ferre
602 1979 725 2061 iugum,
748 1997 869 2061 magna
892 1983 942 2042 est
964 1978 1046 2041 ratio
1071 1978 1277 2063 breuiterque
1300 1980 1454 2043 docenda.

494 2086 652 2172 principio
676 2084 833 2169 capienda
856 2084 915 2149 tibi
939 2090 988 2147 est
1011 2106 1163 2149 mensura
1187 2086 1261 2167 diei,

495 2215 592 2279 quam
618 2192 784 2256 minimam
808 2192 1017 2276 capricornus
1042 2192 1109 2277 agit
1132 2194 1299 2277 noctisque
1323 2214 1381 2277 per
1404 2193 1500 2257 horas

440 2326 481 2368 rso
495 2322 592 2387 quam
617 2320 793 2378 summam3
816 2319 946 2385 quoque
970 2298 1010 2363 ad
1035 2301 1135 2363 iustas
1158 2300 1363 2385 superauerit
1387 2299 1520 2365 umbras

494 2416 527 2472 et
550 2407 688 2493 trepidet
710 2407 810 2486 luces,
833 2406 904 2471 eius
926 2427 1002 2491 pers
1026 2407 1121 2470 tertia
1144 2407 1236 2493 siguo

494 2514 651 2580 tradenda
674 2519 722 2579 est
745 2514 851 2578 medio
875 2534 1018 2598 semper3
1042 2534 1108 2598 qua
1130 2520 1215 2578 sorte
1239 2520 1363 2579 retenta

494 2622 627 2687 dimidio
653 2620 762 2684 uincet
783 2620 935 2705 primum,
960 2621 1110 2685 uincetur
1133 2628 1166 2686 et
1188 2622 1293 2707 ipsum

495 2736 648 2795 extremo.
696 2733 799 2791 totum
821 2728 854 2791 in
879 2734 988 2812 partes
1012 2728 1057 2792 ita
1081 2729 1192 2813 digere
1215 2734 1352 2813 tempus.
1447 2777 1450 2783 .

440 2860 481 2903 aas
495 2838 545 2902 his
568 2836 684 2922 opibus
707 2836 768 2900 tria
791 2836 885 2919 signa
908 2836 1034 2916 ualent3
1059 2837 1115 2901 sed
1137 2857 1264 2901 summa
1287 2838 1403 2922 prioris

496 2944 628 3010 accedat
651 2944 788 3018 numeri,
814 2944 985 3008 coniuncte
1008 2946 1216 3029 sequentibus
1241 2944 1335 3009 astris

495 3052 643 3130 cesserit3
666 3058 711 3128 ut
736 3051 837 3115 ternis
860 3050 959 3114 fuerit
982 3052 1008 3115 ri
1031 3052 1158 3137 longior
1181 3052 1269 3117 horis

495 3160 652 3225 brumalis
675 3178 740 3222 nox
762 3157 845 3222 iorte
868 3158 931 3238 die,
957 3160 1164 3244 capricornus
1188 3166 1220 3225 et
1242 3160 1323 3225 hora

496 3265 630 3331 dimidia
652 3265 779 3330 attollat
800 3266 899 3350 luces,
923 3272 956 3330 et
979 3269 1132 3353 aquarius
1156 3268 1269 3333 horam

442 3376 566 3461 reoipse
589 3394 682 3438 suam
704 3374 834 3459 proprie
857 3374 956 3438 ducat
978 3395 1189 3460 summaeque
1212 3376 1311 3461 priori

495 3482 666 3567 adiungat3
689 3481 793 3567 pisces
817 3472 944 3547 tautum
967 3484 1028 3547 sibi
1053 3486 1207 3569 temporis
1230 3485 1291 3570 ipsi

393 3647 397 3655 .
497 3590 704 3672 constituant,
728 3595 884 3674 quantum
908 3592 1070 3676 accipiant
1093 3592 1132 3655 de
1156 3598 1242 3657 sorte
1264 3594 1420 3677 priorum,

497 3702 530 3761 et
552 3698 654 3761 tribus
678 3697 814 3782 expletis
837 3698 926 3762 horis
949 3704 1141 3784 noctemque
1165 3699 1315 3787 diemque

495 3805 641 3889 lanigero
665 3805 795 3871 tradant
818 3806 1022 3891 aequandam
1046 3813 1191 3893 tempore
1215 3808 1311 3873 ueris.

442 3911 609 3998 reincipit
632 3935 652 3977 a
675 3920 766 3977 sexta
789 3918 916 3999 tempus
941 3914 1115 4000 procedere
1138 3922 1231 4000 parte

442 4100 494 4155 436
517 4113 632 4168 pereso
656 4128 688 4137 -
713 4099 765 4155 434
790 4102 984 4169 mostratur
1007 4103 1205 4157 merueramus
1225 4102 1375 4170 pondercc
1397 4128 1433 4137 -
1456 4102 1524 4156 ante
1543 4101 1595 4156 443
1617 4098 1645 4154 tn

337 4210 429 4266 marg.
451 4195 474 4252 l:
507 4199 540 4252 de
565 4198 759 4254 uoemiommoe
785 4202 882 4268 tepora
905 4204 931 4255 ct
953 4178 1153 4267 directoribus,
1174 4215 1202 4254 m
1220 4202 1288 4255 ante
1307 4198 1359 4255 443
1381 4196 1596 4267 (damaimtbro)
1615 4224 1645 4235 —

337 4297 390 4351 443
408 4295 550 4352 hibcrar'al
574 4299 607 4334 -’
631 4297 833 4367 ttt'incipicm
848 4296 893 4351 lm
918 4326 951 4335 -
975 4300 1027 4352 446
1049 4300 1206 4367 contingant
1221 4312 1248 4352 m
1272 4298 1432 4367 contingunt
1445 4312 1466 4348 u
1492 4298 1591 4352 lacteo
1614 4326 1646 4336 —-

337 4395 390 4449 449
401 4395 527 4450 haemo
543 4391 656 4464 (reduit
666 4395 824 4465 perborum
838 4395 889 4464 gc)
907 4423 940 4433 ·-
958 4397 1012 4450 450
1025 4396 1061 4450 ud
1073 4398 1174 4451 iaatoo
1190 4396 1299 4451 torae
1318 4396 1428 4451 umbrae
1441 4410 1462 4446 u
1481 4423 1514 4431 -
1532 4396 1582 4450 451
1598 4396 1646 4448 tre

333 4494 510 4563 piderrto-
524 4496 577 4548 454
594 4495 626 4548 ia
644 4506 734 4561 cmg
753 4475 917 4566 5695νεί-
934 4494 986 4547 456
1006 4495 1136 4549 accedito
1156 4522 1188 4533 —-
1205 4496 1259 4549 458
1279 4492 1399 4549 boemii
1410 4508 1427 4548 ο
1453 4494 1483 4548 ia
1501 4493 1597 4548 borco
1615 4516 1644 4527 -·

337 4593 390 4647 459
409 4590 581 4647 dimidiuml
600 4618 634 4629 -
652 4593 703 4645 461
726 4590 838 4659 ipsacg
863 4592 924 4659 ipse
941 4589 1008 4647 lum
1028 4623 1062 4632 -
1082 4593 1134 4645 462
1153 4594 1291 4661 accipiant
1311 4593 1344 4647 dc
1365 4592 1426 4647 sede
1440 4592 1546 4660 prioris
1563 4606 1590 4645 m
1614 4614 1644 4625 -·

296 4673 299 4677 ’
336 4691 570 4746 crastenum
590 4716 623 4727 -
641 4689 765 4757 respo
783 4687 902 4757 corpor
921 4692 1049 4758 capuam
