3642 5259
825 398 910 455 Liber
930 398 964 455 ΙΙ.
1002 401 1152 456 tet-tet.

437 637 477 683 755
491 616 537 681 sic
561 614 639 680 mihi
663 637 720 701 per
743 621 846 681 totum
870 615 1019 681 uolitauti
1042 618 1185 682 carmine
1209 617 1366 682 mundum

443 726 448 735 '
491 728 646 808 erutaque
669 724 823 789 abstruse
839 722 969 809 penitus
991 722 1132 809 caligine
1154 724 1223 790 feta

491 828 657 896 Pieridum
680 830 824 895 numeris
847 830 946 895 etiem
968 830 1135 896 modulate
1158 833 1299 913 canenti,

491 958 619 1023 queque
642 938 722 1003 deus
746 944 862 1023 regnat
884 939 1051 1003 reuocauti
1075 959 1196 1005 numen
1219 938 1253 1004 in
1277 945 1357 1019 arta,

490 1066 548 1131 per
570 1052 679 1132 partes
703 1045 851 1111 ducenda
873 1046 965 1126 lidae,
989 1052 1023 1111 et
1044 1046 1173 1132 singule
1195 1068 1305 1112 rerum
1332 1133 1334 1136 v

436 1173 476 1218 777
490 1158 565 1217 sunt
587 1152 741 1238 gradibus
764 1153 923 1219 tradenda
945 1154 1023 1235 suis,
1047 1160 1176 1219 etcum
1200 1154 1309 1220 omnia
1332 1162 1420 1220 carte

490 1262 604 1328 notitia
626 1261 782 1341 steterint
807 1262 954 1348 proprios
978 1269 1173 1328 reuocentur
1195 1262 1237 1327 ad
1260 1284 1348 1327 usus.

487 1389 525 1433 ac
548 1369 638 1433 uelut
660 1368 693 1433 in
717 1368 813 1434 nudis
836 1390 910 1434 cum
934 1376 1072 1456 surgunt
1094 1370 1258 1435 mentibus
1281 1369 1388 1454 urbes,

490 1463 638 1541 conditor
660 1482 693 1540 et
716 1496 837 1541 uacuos
859 1477 962 1542 muris
985 1476 1186 1543 circumdare
1206 1478 1305 1542 colles

490 1580 639 1665 destinat,
664 1590 738 1649 ante
761 1604 877 1649 manua
901 1604 1000 1670 quem
1023 1590 1160 1672 temptet
1181 1585 1329 1651 scindere
1352 1583 1465 1666 lomes,

367 1738 368 1741 ,
435 1710 476 1755 775
490 1688 588 1755 uertit
609 1711 704 1776 opus:
729 1691 794 1757 ruit
816 1711 892 1757 ecee
915 1713 1040 1775 nemus,
1064 1692 1229 1779 saltusque
1252 1692 1373 1758 uetusti

489 1797 707 1882 procumbunt
729 1798 896 1885 solamque
918 1820 1052 1881 nouum,
1077 1820 1164 1865 noue
1187 1800 1294 1885 sidera
1317 1806 1467 1880 cernunt3

488 1903 618 1989 pellitur
641 1927 737 1971 omne
759 1907 829 1973 loco
854 1907 1024 1973 uolucrum
1048 1927 1151 1992 genus
1175 1913 1272 1993 atque
1295 1907 1450 1989 ferarum,

489 2012 703 2101 antiquasque
728 2015 840 2081 domos
863 2022 896 2079 et
919 2021 996 2081 nete
1018 2015 1138 2081 cubilia
1159 2016 1319 2102 linquunt.

489 2125 540 2185 est
563 2120 618 2184 alii
641 2120 764 2187 silicem
786 2123 821 2187 in
844 2143 956 2187 murce
978 2128 1011 2188 et
1033 2144 1198 2189 mermom
1219 2122 1347 2208 templis

385 2307 386 2310 Ἴ
436 2248 477 2294 tec
489 2226 658 2312 rimantur,
682 2228 823 2316 ferrique
847 2231 937 2316 rigor
957 2252 1017 2317 per
1040 2236 1187 2317 tempora
1210 2236 1287 2296 note

490 2336 670 2421 quaesitum
693 2336 769 2403 hinc
793 2344 888 2420 artes,
911 2338 988 2403 hinc
1012 2340 1117 2404 omnis
1140 2338 1293 2404 conuenit
1314 2332 1422 2403 usus(

489 2448 566 2508 tuuc
589 2443 721 2511 demum
745 2446 910 2531 consurgit
934 2466 1025 2532 epus,
1049 2467 1124 2511 cum
1147 2451 1264 2510 cuncte
1286 2452 1469 2531 supersunt,

489 2570 530 2616 ne
553 2551 677 2619 medies
700 2560 830 2640 rumpat
853 2574 966 2619 cursus
989 2560 1199 2640 praepostera
1222 2575 1315 2619 cura:

489 2658 535 2723 sic
559 2660 638 2725 mihi
661 2661 826 2727 cunctanti
849 2666 959 2727 tentae
983 2662 1157 2727 succedere
1180 2660 1257 2727 meli

436 2787 476 2832 755
490 2766 641 2835 materies
663 2769 804 2853 primum
829 2790 938 2835 rerum
960 2768 1086 2834 radone
1108 2774 1234 2834 remota

489 2874 647 2941 tradenda
670 2882 730 2957 est,
752 2877 835 2941 ratio
859 2876 901 2941 sit
924 2896 966 2941 ue
987 2883 1061 2963 pest
1083 2876 1184 2957 irrita,
1209 2896 1293 2941 neue

381 2988 383 2991 ’
488 2989 683 3067 argumente
704 2983 799 3048 nouis
822 2989 973 3069 stupeant
995 2984 1162 3050 nascentia
1184 2982 1291 3049 rebus.

543 3110 621 3176 ergo
645 3112 716 3175 ege,
739 3090 911 3157 noscendis
933 3091 1078 3157 animum
1101 3111 1259 3177 compone
1281 3111 1433 3177 sagacem

368 3228 370 3233 ·
490 3198 687 3279 cardinibus,
710 3198 766 3284 qui
789 3218 848 3284 per
871 3199 1030 3264 mundum
1052 3205 1128 3266 sunt
1150 3204 1303 3285 quattuor
1325 3217 1438 3265 omnes

435 3324 476 3370 rec
489 3304 636 3390 dispositi
659 3312 1001 3393 sempermutentque
1025 3306 1170 3372 uolantia
1192 3305 1295 3389 signe.

490 3432 573 3477 uuus
597 3413 638 3477 nb
662 3418 775 3479 exortu
798 3413 879 3478 caeli
902 3413 1064 3479 nascentis
1086 3414 1121 3478 iu
1144 3413 1339 3493 orbem-m
1362 3399 1389 3457 ἰι

490 3539 555 3603 que
576 3520 718 3606 primum
742 3526 844 3586 terres
868 3521 996 3607 aequali
1019 3520 1123 3585 limite
1146 3520 1258 3586 cernit.

489 3626 571 3692 alter
593 3628 635 3693 ab
657 3628 798 3694 aduersa
819 3629 1019 3715 respondens
1042 3628 1182 3693 aetheris
1206 3649 1273 3711 cra,

489 3734 575 3799 unde
598 3734 682 3822 fugit
704 3736 845 3801 mundus
867 3756 1088 3822 praecepsque
1110 3736 1145 3800 in
1168 3741 1290 3801 tartare
1312 3734 1424 3800 tendit.

436 3863 476 3910 755
489 3842 603 3908 ternus
626 3843 742 3909 excelsi
767 3844 874 3929 signet
896 3843 1036 3929 uestigia
1059 3842 1151 3924 caeli,

489 3970 554 4036 qua
576 3950 723 4016 defessus
746 3951 837 4037 equis
861 3950 1013 4017 Phoebus
1036 3948 1181 4015 subsistit
1202 3949 1327 4015 anhelis

489 4058 694 4144 declinatque
716 4058 803 4124 diem
827 4058 1015 4145 mediasque
1039 4057 1203 4124 examinat
1224 4056 1366 4123 umbras.

329 4198 544 4234 l—

437 4328 489 4382 765
506 4326 626 4382 mendtl
644 4354 676 4363 -
696 4328 748 4381 786
767 4326 888 4381 obsessa
906 4339 923 4380 c
940 4324 1115 4395 mtltqieelm
1136 4353 1169 4362 -
1188 4326 1239 4380 767
1257 4322 1401 4379 essendo
1420 4351 1453 4360 -
1471 4323 1521 4377 771
1539 4320 1645 4377 essem

329 4423 490 4481 etiusimm
508 4424 545 4480 cd
562 4422 948 4481 sesso—‘traiectum
966 4426 1161 4493 wseeysmte
1178 4422 1282 4477 orbeso
1305 4449 1338 4459 —
1363 4422 1415 4475 773
1433 4418 1589 4475 meditere
1610 4449 1645 4459 -

330 4523 382 4578 775
399 4522 511 4578 ceretto
527 4552 563 4560 -
581 4524 633 4579 778
649 4520 781 4591 rtnqeug
799 4550 831 4559 -
850 4524 901 4576 779
920 4521 1041 4591 emptio
1061 4517 1254 4591 (tempttspll)
1273 4548 1306 4557 -
1319 4520 1370 4575 781
1389 4518 1478 4573 osseis
1495 4530 1551 4572 om.
1564 4531 1594 4573 m
1609 4546 1644 4556 -

330 4621 398 4677 ante
412 4622 464 4677 788
477 4620 677 4676 dc'cerds'nibes
689 4619 786 4675 mendi
797 4633 850 4689 gm
865 4618 886 4685 (l
899 4618 931 4674 in
944 4617 1048 4687 marg.)
1062 4648 1094 4655 -
1108 4619 1159 4674 789
1177 4624 1235 4673 ems
1246 4616 1282 4685 lg
1296 4646 1328 4655 —
1342 4618 1393 4672 799
1410 4615 1489 4686 qetg
1506 4630 1560 4684 qua
1572 4629 1595 4667 e
1608 4646 1644 4656 -

330 4719 615 4789 iassescentem
632 4732 839 4792 praecepsque
859 4746 891 4755 -
911 4718 964 4776 795
984 4715 1125 4787 emtique
1145 4744 1177 4754 —
1198 4712 1486 4784 suspectatione.
