3642 5259
694 405 780 461 Liber
797 404 844 462 Ill.
885 408 1033 464 lla—142.

367 622 627 708 pendentemque
649 641 741 688 rsum
764 623 876 708 lingua
898 626 1076 710 rostrisque
1098 626 1285 711 loquentem

367 730 554 815 impositum
578 736 611 796 et
632 732 752 817 populo
776 732 952 797 nudantem
976 733 1106 799 condita
1129 735 1200 798 iura

315 859 354 903 115
369 847 465 923 atque
489 860 631 925 expensa
653 860 713 904 sua
735 840 915 905 soluentem
938 842 1044 926 iurgia
1067 842 1183 922 fronte,

368 966 441 1010 cum
465 946 561 1011 iudex
584 948 655 1011 ueri
677 947 758 1015 nihil
781 949 921 1033 amplius
943 949 1082 1014 aduocat
1103 950 1184 1035 ipso.

368 1054 520 1140 quioquid
543 1055 724 1142 propositas
747 1056 831 1120 inter
854 1055 1008 1121 facundis
1029 1057 1118 1142 leges

369 1160 477 1242 efficit,
502 1161 563 1227 hoc
587 1167 689 1227 totum
713 1170 837 1249 partem
863 1164 1021 1229 concessit
1043 1166 1077 1229 in
1101 1186 1198 1229 unam

366 1276 472 1355 atque,
497 1274 672 1356 utcumque
695 1275 813 1355 regunt
835 1270 1038 1336 dominantia
1060 1272 1176 1352 sidera,
1196 1278 1297 1357 paret.

314 1400 354 1443 120
367 1377 498 1462 quintus
522 1376 671 1462 coniugio
696 1378 815 1462 gradu
839 1383 889 1443 ost
910 1400 969 1464 per
992 1380 1085 1463 signs
1107 1378 1232 1444 dicatus

367 1491 400 1549 et
422 1485 526 1571 socios
551 1489 640 1549 tenet
662 1492 694 1549 et
717 1486 902 1566 comitatus;
926 1486 1060 1571 hospitis
1082 1501 1158 1551 una·

299 1575 300 1578 Ἴ
366 1592 462 1657 icitur
486 1599 518 1657 et
540 1592 654 1657 similis
678 1590 878 1678 coniungens
900 1593 1016 1659 foedus
1038 1595 1168 1659 amicos.

366 1700 400 1764 in
424 1706 515 1765 sexta
537 1700 629 1765 diues
652 1708 841 1767 numeratur
864 1703 958 1787 copia
981 1702 1068 1785 sede,

367 1814 464 1893 atque
488 1808 640 1873 adiuncta
663 1810 750 1874 salus
772 1830 893 1891 rerum,
917 1830 1055 1895 quarum
1078 1811 1190 1892 altera,
1213 1812 1325 1896 qusuti

314 1936 353 1979 125
367 1916 556 2000 contingant
578 1937 665 1997 usus,
690 1922 809 1997 mouet,
834 1918 946 1997 sltera,
970 1938 1068 2003 quam
1092 1918 1250 1996 diuturni3

367 2022 473 2088 sidera
496 2029 532 2087 ut
554 2023 711 2089 inclinant
734 2026 820 2090 uiros
843 2032 875 2089 et
898 2026 1019 2110 templs
1041 2026 1233 2111 gubernant.

367 2131 505 2215 septima
527 2136 677 2195 censetur
699 2132 806 2197 saeuis
828 2133 992 2197 horrenda
1014 2133 1154 2217 periclis,
1279 2222 1282 2227 Ι

367 2237 393 2301 si
418 2238 502 2302 msle
525 2238 733 2305 subscribunt
754 2241 867 2305 stellae
890 2262 948 2326 per
970 2242 1064 2325 signs
1085 2240 1220 2305 locatae.

368 2344 517 2409 nobilitas
540 2351 630 2411 toust
651 2352 811 2429 octauam,
835 2368 900 2432 qua
924 2352 1048 2412 constat
1070 2348 1202 2413 honon's

314 2472 354 2517 seo
367 2452 507 2519 conditio
531 2460 563 2518 et
586 2454 694 2519 famae
719 2454 832 2519 modus
855 2462 888 2520 et
910 2475 1013 2539 genus
1036 2462 1069 2519 et
1091 2456 1256 2540 speciosae

366 2562 471 2643 gratia
494 2568 690 2647 praetextae.
738 2583 842 2627 nonus
865 2563 956 2627 locus
979 2569 1117 2649 occupat
1139 2582 1267 2628 omnem

367 2675 516 2735 natorum
539 2676 659 2734 sortem
683 2670 814 2735 dubiam
838 2670 1025 2755 patriosque
1048 2672 1181 2736 timores

368 2778 541 2862 omniaque
564 2777 724 2841 inlautum
747 2778 848 2841 mixtu
871 2778 1010 2843 nutricis
1032 2779 1136 2843 turbs.

366 2882 440 2948 huic
465 2885 591 2949 uicinus
615 2886 685 2966 erit,
711 2885 797 2950 uitse
822 2887 876 2971 qui
901 2887 1043 2951 continet
1067 2891 1184 2959 actum,

314 2990 400 3056 assiu
423 3012 486 3077 quo
511 2992 664 3057 sortimur
686 3014 803 3074 mores,
828 2999 863 3058 et
883 2994 1032 3079 qualibus
1056 2995 1161 3059 omnis

366 3098 523 3165 formetur
546 3100 661 3165 domus
685 3101 849 3186 exemplis,
873 3122 1003 3187 quoque
1027 3102 1140 3166 ordine
1164 3105 1251 3165 certo

366 3204 407 3269 ad
429 3227 488 3271 sua
512 3209 680 3292 compositi
704 3208 872 3273 discedant
895 3229 1031 3274 munera
1054 3209 1149 3274 ssrui.

366 3313 540 3398 praecipua
563 3314 734 3381 undecima
757 3336 832 3401 pars
855 3322 904 3379 sst
926 3316 960 3380 iu
984 3323 1070 3381 sorte
1093 3317 1208 3396 locata,

366 3442 450 3505 quae
474 3442 632 3487 summam
657 3425 758 3488 nostri
782 3444 909 3508 semper
932 3424 1084 3510 uiresque
1107 3425 1276 3509 gubernat,

313 3550 353 3593 140
367 3550 495 3614 quaque
518 3530 671 3596 ualetudo
695 3537 829 3609 constat,
854 3552 940 3595 nunc
963 3531 1066 3596 libers
1088 3530 1219 3607 morbis,

367 3656 451 3699 nunc
476 3658 641 3722 oppressa,
667 3644 799 3702 mouent
820 3646 855 3702 ut
879 3638 1037 3703 muudum
1059 3638 1168 3703 sidera
1189 3658 1337 3723 cumque.

368 3764 431 3807 uon
454 3744 548 3809 aliast
571 3745 673 3817 sedes,
697 3751 867 3829 tempusue
892 3766 1037 3829 genusne
1060 3745 1211 3810 medendi

318 3940 366 3993 113
379 3940 688 4008 rostrisqsclcqucntiao
703 3966 735 3977 -
752 3942 800 3993 114
813 3938 962 4008 inpositam
974 3954 1002 3994 m
1015 3940 1171 4008 inpositae
1188 3969 1221 3980 —
1239 3940 1287 3994 111
1300 3936 1468 4007 qaidqcs’dm
1482 3966 1516 3977 -

207 4039 258 4091 119
270 4042 394 4105 perunte
413 4041 547 4093 manento
559 4041 689 4107 parents)
705 4064 736 4074 -
755 4038 805 4092 120
819 4036 958 4093 suanus
976 4070 1006 4079 -
1025 4039 1072 4092 131
1090 4041 1158 4093 tenet
1171 4036 1244 4106 etlg
1261 4040 1396 4092 stomun
1412 4034 1517 4091 comites

201 4132 315 4202 hospitis
326 4132 358 4188 lc
375 4134 533 4191 cannabem
545 4136 656 4205 hospitis
669 4150 695 4190 m
715 4135 869 4191 comitantes
881 4150 900 4205 g
913 4168 948 4177 -
964 4138 1013 4189 199
1025 4135 1152 4205 iungitur
1163 4151 1180 4191 ο
1193 4168 1228 4177 -
1245 4135 1293 4189 125
1306 4134 1469 4204 scatinpatc
1482 4161 1515 4171 -

81 4265 91 4283 .
206 4234 257 4287 127
276 4236 447 4287 emasculare
467 4234 600 4300 (emtor
619 4233 684 4289 coll.
705 4233 732 4287 L.
754 4232 792 4299 m)
814 4262 845 4271 -
872 4236 921 4289 139
940 4248 1025 4303 qssoo
1051 4264 1081 4273 —
1105 4236 1155 4290 130
1173 4218 1331 4303 mobbl
1352 4232 1517 4301 speciem&

199 4331 379 4399 mecmsocm
401 4360 428 4368 -
461 4334 505 4386 131
524 4336 692 4401 praetentoo
713 4362 744 4370 -
768 4333 816 4389 132
837 4332 1040 4403 Fctommlgc
1059 4333 1080 4400 (1
1097 4330 1124 4387 l*
1139 4333 1170 4387 iu
1188 4333 1302 4396 rasura)
1320 4330 1469 4387 &abnam
1487 4346 1515 4385 m

200 4429 286 4485 stacia
298 4444 324 4483 m
341 4458 374 4467 -
392 4429 441 4483 133
454 4429 635 4485 intrantumo
652 4460 685 4468 -
703 4431 752 4486 135
769 4432 855 4487 sortist
866 4445 1012 4487 ramorcso
1028 4431 1207 4500 aeqssclibscsc
1224 4429 1252 4496 (r
1266 4430 1296 4484 iu
1312 4442 1403 4496 marg.
1418 4427 1466 4497 lg)
1482 4456 1515 4466 -

202 4530 257 4583 133
276 4502 403 4595 malms
420 4512 545 4596 abug
562 4545 662 4597 qaoque
674 4543 704 4584 m
718 4558 750 4567 -
772 4531 820 4585 131
839 4530 982 4599 composita
994 4544 1034 4597 gc
1049 4556 1082 4566 -
1097 4531 1145 4584 139
1162 4545 1268 4584 mmcm
1282 4542 1311 4580 m
1328 4526 1376 4579 uir
1388 4533 1475 4594 abac
1487 4542 1514 4581 m

194 4624 384 4697 pestes-mato
403 4654 438 4661 —
459 4626 509 4680 140
525 4642 641 4695 qssaeqae
657 4627 846 4697 salibsdolgo
863 4645 932 4697 quac
948 4626 1071 4682 aaktssdo
1084 4640 1112 4679 m
1131 4652 1165 4663 ·—
1183 4629 1231 4679 141
1244 4638 1351 4693 opressa
1364 4638 1391 4676 m
1410 4628 1518 4678 moueat
1559 4682 1561 4687 ,

196 4733 225 4783 at
240 4724 301 4794 ige
320 4726 443 4779 maesse
460 4724 593 4779 mendum
605 4740 634 4781 m
655 4754 687 4763 -
710 4728 759 4781 149
777 4727 847 4781 alias
864 4726 977 4782 seduc.
