3642 5259
679 292 764 353 Liber
782 292 830 353 Π]
846 292 1009 351 'etl-ene.

347 514 612 602 suspenduntque
636 534 694 581 suc
717 512 869 577 libratum
894 510 1043 576 examine
1063 510 1234 586 muudum,

347 623 463 688 asserit
484 622 568 687 hene
593 620 754 707 Cytherea
776 617 838 684 sibi
860 638 919 704 par
942 618 1049 684 sidera
1072 618 1185 684 sedem

348 736 380 795 et
402 729 504 795 ueluti
526 727 644 794 faciem
667 727 780 792 mundi
802 746 862 791 sus
884 724 1022 792 collocat
1042 746 1111 808 ora,

347 856 405 922 per
428 857 512 922 quse
534 836 678 901 humana
699 834 792 921 regit.
839 834 972 919 propria
994 839 1044 898 est
1064 833 1146 898 haec
1168 832 1296 899 reddite
1318 835 1403 919 parti

292 966 333 1033 nea
346 944 411 1008 uis:
436 950 468 1009 et
492 943 631 1009 conubia
650 947 685 1008 et
707 941 867 1007 thalamos
890 940 1067 1025 taedasque
1089 939 1259 1025 gubernat.

348 1050 428 1116 heac
452 1050 554 1115 tutela
576 1050 671 1115 docet
692 1048 854 1114 Uenerem
878 1068 939 1113 aue
961 1048 1026 1112 tela
1050 1068 1192 1113 mouere.

348 1178 467 1223 nomen
490 1158 552 1224 erit
573 1156 719 1223 Fortuna
740 1157 822 1223 loco.
870 1154 934 1241 qno
958 1154 1088 1241 percipe
1111 1161 1264 1236 mentem,

348 1271 385 1330 ut
406 1265 520 1331 breaie
541 1266 575 1330 in
598 1266 695 1353 longo
720 1263 911 1352 compendia
935 1262 1077 1329 carmine
1100 1268 1271 1349 praestem.

349 1378 383 1437 at
406 1393 471 1459 qua
494 1372 631 1439 subsidit
654 1392 811 1437 conuerso
836 1370 968 1435 cardine
990 1369 1132 1436 mundns

295 1500 336 1544 eso
349 1479 561 1546 fundamenta
583 1485 698 1544 tenens
721 1478 895 1544 aduersum
919 1482 952 1543 et
973 1477 1108 1563 suspicit
1130 1476 1241 1543 orbern

350 1609 389 1652 ac
411 1586 520 1669 media
542 1587 601 1652 sub
625 1591 719 1651 nocte
742 1586 835 1669 iacet,
860 1585 1021 1651 Saturnus
1042 1586 1077 1650 in
1100 1585 1156 1649 illa

348 1700 441 1781 parte
463 1716 540 1781 suas
563 1695 664 1781 agitat
687 1695 784 1775 uires,
808 1693 954 1759 deiectus
976 1692 1101 1779 etipse

350 1801 486 1887 imperio
510 1801 674 1887 quondam
699 1800 812 1866 mundi
832 1800 977 1886 solioque
1000 1799 1146 1881 deorum,

351 1914 384 1974 et
405 1914 498 1995 pater
520 1909 555 1973 in
577 1909 699 1995 patrios
722 1900 869 2007 exseroet
890 1906 1027 1973 numina
1049 1928 1143 1973 casus
1429 1909 1457 1994 s)
1586 1990 1590 2000 ι

297 2038 337 2080 esa
351 2014 579 2101 fortunamque
603 2036 732 2096 senum3
752 2012 868 2097 prima
891 2015 940 2077 eet
962 2006 1072 2119 tntels
1086 2011 1240 2094 duorum,
1478 2083 1481 2089 Δ
1539 2013 1563 2061 -’”

349 2125 545 2187 nascentum
569 2124 665 2203 atque
685 2124 835 2204 petram,
861 2140 945 2203 quae
970 2118 1031 2183 tali
1054 2118 1188 2185 condita
1206 2124 1305 2202 parte
1329 2126 1386 2188 ast.

353 2247 510 2310 ceperum
533 2226 597 2291 erit
620 2226 798 2311 temptum·
821 2228 945 2311 titulus,
970 2248 1065 2314 quem
1090 2226 1230 2294 Graecia
1252 2228 1331 2295 iacit

352 2336 571 2420 daemonium,
595 2337 765 2423 signatque
790 2356 865 2403 suas
888 2357 947 2422 pro
970 2337 1101 2401 nomine
1125 2336 1221 2401 uires.

352 2465 438 2509 nuno
462 2466 533 2529 age,
556 2450 743 2529 surgentem
766 2444 870 2529 primo
894 2444 936 2507 da
959 2442 1089 2508 cardine
1111 2443 1269 2507 mundum

299 2574 339 2617 aso
352 2552 487 2636 respice,
511 2573 576 2638 qua
599 2551 709 2617 solitos
733 2549 900 2617 nascentia
923 2550 1016 2635 signa
1039 2571 1189 2616 recursus

353 2659 659 2745 incipiunt'uiridis
681 2658 797 2745 gelidis
821 2664 853 2722 et
875 2657 1028 2722 Phoebus
1052 2659 1093 2723 ab
1116 2658 1212 2723 undis

354 2772 464 2831 enatat
486 2771 519 2829 et
541 2765 631 2830 fuluo
655 2765 811 2851 paulatim
835 2764 1024 2831 accenditur
1045 2765 1131 2851 igne,

353 2873 434 2939 haec
455 2880 513 2939 tua
536 2874 656 2959 templa
679 2873 788 2939 ferunt
808 2872 905 2954 Maia,
931 2870 1086 2959 Cyllenie,
1111 2879 1195 2938 nate.

354 3000 371 3043 o
393 2977 498 3061 factes
520 2976 654 3063 amanto
677 2983 765 3062 ncta,
791 2978 877 3062 qnod
900 2999 1020 3043 nornen
1043 2982 1074 3043 et
1096 2977 1164 3061 ipsi
1205 3022 1211 3033 ι

298 3111 338 3153 esa
353 3090 502 3151 coctores
526 3085 586 3151 tibi
609 3086 693 3151 dont
716 3086 800 3153 artis
823 3106 907 3169 quae
931 3085 1024 3151 ducit
1048 3084 1225 3171 Olympum

354 3196 388 3260 in
413 3217 476 3281 quo
497 3195 661 3262 fortunam
686 3202 836 3263 natorum
861 3196 1006 3263 condidit
1028 3217 1158 3262 omnem

355 3309 482 3383 natura,
506 3324 545 3367 ex
568 3303 624 3368 illo
646 3304 813 3389 suspendit
835 3310 914 3371 uota
936 3310 1117 3389 parentum.

355 3430 440 3474 unus
462 3410 497 3475 in
520 3430 636 3475 occasu
659 3410 749 3476 locus
773 3417 952 3496 estsuper,
997 3409 1053 3474 ille
1075 3416 1222 3476 ruentem

355 3518 548 3604 praecipitat
570 3518 727 3583 mundum
751 3518 892 3583 tenebris
916 3524 949 3583 et
971 3516 1078 3583 sidera
1101 3526 1222 3583 mersat

302 3646 342 3690 ean
355 3629 511 3713 tergaque
534 3632 718 3711 prospectat
741 3624 875 3706 Phoebi,
900 3626 956 3710 qui
978 3626 1107 3691 uiderat
1128 3647 1195 3691 ora.

304 3828 353 3883 991
379 3827 512 3884 labronem
528 3828 586 3899 lgc
608 3829 737 3885 libratum
755 3844 782 3884 m
807 3844 842 3884 ar
861 3828 989 3883 ordinae
1013 3858 1046 3866 -
1070 3831 1122 3884 999
1144 3828 1246 3885 adserit
1264 3845 1293 3884 m
1315 3828 1450 3885 ardentm
1475 3860 1507 3868 —

187 3904 1509 3998 sescentonorgiasrenarrasamnaas-nsnneannnm

185 4022 363 4093 conabiolg
391 4053 423 4061 -
453 4026 504 4081 996
532 4024 643 4081 doceto
672 4054 704 4062 -
734 4027 786 4081 998
813 4024 1011 4095 conpendium
1039 4025 1221 4095 poententlm
1253 4030 1447 4095 mntentge
1475 4056 1508 4064 —
1639 4075 1642 4082 .

186 4104 556 4191 eseanmlaaquam
584 4157 620 4165 -
647 4124 1298 4193 eaoaanpttcsnaspcm-ealnoemc
1327 4153 1359 4162 -
1389 4127 1510 4181 esem

179 4218 391 4294 fafiatmu)
402 4248 435 4258 -
447 4221 499 4276 934
506 4222 641 4291 pacano
655 4252 688 4261 -
700 4224 752 4279 935
766 4223 849 4279 tana
860 4222 1005 4278 asmo
1019 4256 1055 4265 .-
1068 4222 1119 4277 eea
1132 4208 1321 4292 mouent
1337 4224 1510 4280 mmmm-

181 4330 294 4393 qnoem
322 4316 562 4385 (eradetcorr.)
585 4319 714 4389 mecm
742 4325 903 4391 preneste
932 4348 965 4359 -—
995 4322 1046 4376 937
1070 4320 1172 4375 eritm
1199 4326 1302 4377 nate
1333 4320 1509 4389 tenptmnm

182 4414 601 4486 tmpmetitntoaofeeic
629 4446 665 4455 -
692 4420 745 4475 940
769 4416 1136 4482 εοὶίᾱοονωκηιιο(ωῑὶ
1157 4417 1511 4490 deaureaoenoioaipnarc

177 4508 870 4601 cursem)-943¹¹fctel—-9ttolmpgc
894 4518 1222 4581 -etnnrtesoqwn
1247 4544 1279 4555 -
1302 4516 1510 4578 949Μο-

178 4614 247 4672 947
268 4608 345 4663 ιἸΙοο
366 4638 396 4647 -
417 4614 467 4667 949
488 4613 599 4667 tmiso
618 4613 742 4669 mentite
763 4642 795 4650 -—
816 4616 868 4669 950
888 4620 1012 4684 terraque
1024 4629 1050 4670 0.
