3642 5259
698 278 785 335 Liber
802 278 850 336 111.
887 281 1038 337 406-433.

374 498 469 563 tertia
493 502 528 561 ut
551 496 685 561 accedat
707 496 855 581 geminis,
880 517 964 582 quae
988 501 1134 582 tempore
1158 498 1240 562 tauri

373 606 504 685 uinciet,
529 610 625 690 utque
649 604 762 669 eodem
787 626 914 685 cancro,
938 605 1116 691 similisque
1140 606 1235 671 leoni.

375 716 420 779 sic
445 713 506 777 erit
528 712 568 776 od
592 732 752 776 summam
776 713 859 777 rotie
882 712 1040 798 perducto
1063 714 1215 799 priorem,

374 842 471 907 quom
496 819 592 883 modo
616 818 729 884 diuisis
752 818 935 884 Nemeaeus
959 820 1095 885 duxerat
1117 820 1215 886 horis.

321 953 362 995 uo
376 929 451 993 inde
474 928 543 1013 pari
557 914 660 1011 'uirgo
683 927 837 1012 procedat
862 928 1014 1013 temporis
1039 934 1144 993 auctu.

376 1036 432 1100 sed
456 1041 544 1100 certo
566 1035 627 1100 sub
649 1034 733 1120 lege,
756 1036 872 1120 prioris
896 1057 1024 1121 semper
1047 1043 1082 1100 ut
1105 1038 1182 1101 astri

374 1144 569 1208 incolumem
593 1147 724 1207 seruent
747 1164 907 1208 summam
932 1150 1142 1229 crescuntque
1165 1144 1326 1209 nouando.

374 1252 423 1315 bis
445 1272 549 1336 usque
573 1250 613 1313 ad
638 1250 746 1315 chelas
769 1251 922 1316 horarum
947 1251 1093 1337 partibus
1117 1254 1220 1317 auctis

375 1380 434 1446 per
456 1357 588 1422 totidem
613 1358 738 1423 alibro
760 1358 949 1423 decrescent
971 1359 1078 1424 sidera
1101 1366 1219 1445 portes,

320 1492 361 1535 un
375 1473 408 1531 et
430 1465 560 1552 quantis
583 1465 615 1529 in
641 1470 814 1551 utrumque
838 1466 942 1531 modis
966 1466 1120 1532 tollentur
1143 1467 1182 1532 ud
1207 1474 1306 1549 ortus,

377 1575 539 1639 diuersam
564 1574 597 1637 in
621 1579 739 1636 sortem
762 1572 864 1637 tantis
888 1580 1076 1657 mergentur
1099 1575 1138 1639 ad
1164 1575 1305 1641 umbras.

372 1684 451 1746 haec
476 1682 537 1745 erit
559 1682 711 1745 horarum
735 1683 817 1746 ratio
841 1681 990 1747 ducenda
1014 1704 1072 1767 per
1095 1683 1217 1765 orbem,

376 1791 432 1856 illo
455 1796 487 1853 et
509 1794 587 1873 quot
610 1788 722 1853 stodiis
746 1790 891 1853 oriuntur
915 1810 1063 1874 quaeque
1088 1791 1278 1877 caduntque.

323 1919 326 1925 ’
377 1918 460 1983 quae
483 1918 557 1959 cum
580 1902 629 1959 ter
653 1902 782 1960 centum
806 1897 948 1961 numeris
972 1897 1152 1983 uiceuuque
1175 1904 1332 1981 constent,

322 2030 363 2073 uo
377 2003 556 2069 detrahitur
579 2024 725 2067 summae
748 2010 816 2067 totu
839 2024 925 2089 pars,
950 2009 1048 2089 quotu
1071 2004 1211 2071 demitur
1235 2028 1336 2092 usquo

279 2107 282 2115 ’
377 2112 526 2176 omnibus
550 2132 589 2174 ex
612 2110 700 2174 horis
723 2111 867 2175 uestiuae
890 2114 1021 2177 nomine
1044 2115 1157 2195 noctis,

376 2220 548 2284 solstitium
572 2239 698 2282 summo
721 2218 849 2303 peragit
871 2240 944 2282 cum
970 2218 1122 2284 Phoebus
1146 2220 1299 2307 Olymp03

377 2326 527 2412 quodque
551 2325 601 2389 his
625 2333 796 2412 exsuperat
819 2326 958 2411 demptis
982 2326 1122 2391 diducito
1147 2329 1178 2391 in
1203 2350 1323 2414 aequas

378 2456 434 2499 sex
456 2441 564 2519 portes
587 2438 775 2518 sextumque
799 2433 925 2497 ardenti
950 2433 1040 2497 trude
1062 2434 1162 2515 leoui;

324 2565 364 2608 444
377 2562 489 2606 rursus
513 2541 568 2625 qui
592 2540 715 2604 steterit
739 2561 892 2605 numerus
915 2542 974 2604 sub
999 2541 1129 2605 nomine
1152 2541 1244 2621 lucis,

379 2651 446 2713 eius
471 2649 531 2713 erit
555 2648 647 2731 siguo
672 2648 754 2711 tuuri
778 2669 854 2733 pars
877 2649 934 2712 illu
957 2648 1109 2730 dicanda3

379 2757 528 2842 quodque
552 2755 635 2819 hauc
659 2760 832 2840 exsuperat
853 2760 989 2840 portem,
1015 2762 1186 2841 superatur
1209 2758 1249 2821 ab
1272 2757 1329 2822 iilo

294 2921 296 2924 .
378 2864 609 2949 distinguitque
633 2862 713 2927 duas
736 2862 843 2928 medio
867 2863 1052 2927 discrimine
1077 2884 1229 2947 summus,

378 2973 474 3036 tertio
495 2992 571 3057 pars
594 2971 663 3036 eius
687 2992 822 3035 numero
846 2970 1055 3057 superaddito
1078 2974 1160 3036 tauri

325 3104 365 3147 roo
379 3080 522 3145 tradetur
545 3080 692 3163 geminis.
739 3078 836 3143 simili
860 3085 936 3143 tunc
960 3084 1067 3143 cetera
1090 3080 1179 3145 lucro

375 3188 550 3273 procedent
571 3208 723 3251 numeros
747 3208 875 3271 semper
897 3193 1002 3251 tutata
1025 3188 1139 3272 prioris

380 3295 607 3380 augebuutque
632 3315 715 3359 nouo
739 3294 863 3358 uicinas
886 3316 1022 3359 munere
1045 3316 1197 3377 summas,

379 3402 481 3467 donec
504 3401 697 3488 perueniant
720 3402 758 3466 od
784 3402 887 3466 instoe
911 3401 1018 3467 sidera
1034 3402 1153 3467 iibrae.

213 3532 435 3555 μ

217 3612 225 3621 “
325 3618 377 3671 400
392 3617 538 3669 100400-
551 3614 757 3670 40404404101
769 3644 800 3653 -
812 3616 865 3671 408
877 3615 1000 3670 4044444401
1012 3615 1144 3685 perducto
1154 3614 1214 3683 lgm
1225 3614 1335 3670 dectracto
1347 3631 1362 3671 0
1372 3644 1407 3652 -
1417 3616 1468 3671 409
1479 3632 1530 3685 quo

214 3714 319 3774 modoo
332 3713 479 3768 nomenoio
491 3713 623 3768 00004440
635 3743 667 3751 -
678 3717 827 3769 410004οο
839 3743 871 3750 -
882 3717 930 3768 411
944 3712 1114 3768 utactrielm
1128 3713 1157 3768 in
1169 3714 1252 3767 arou
1261 3730 1297 3783 gc
1309 3744 1341 3752 -
1352 3714 1404 3769 412
1416 3722 1529 3770 mureto

213 3827 413 3881 armoensmeo
438 3840 471 3848 -
494 3814 547 3866 413
565 3810 739 3866 0040004140
762 3812 798 3865 ad
816 3811 950 3879 detergo
967 3813 1068 3865 -414
1087 3810 1247 3865 libr-aeo-
1261 3813 1313 3868 415
1331 3812 1363 3867 in
1382 3826 1438 3866 om.
1453 3827 1478 3867 m
1496 3842 1529 3850 —

214 3924 272 3979 410
292 3920 438 3989 4004940414
450 3934 479 3973 ru
499 3948 530 3957 -
551 3922 604 3973 418
622 3920 670 3973 ido
687 3918 785 3987 quode
803 3918 938 3973 scandice
962 3951 994 3959 --
1020 3920 1071 3973 419
1092 3883 1238 3975 000ᾲοῖ41ιῖ4101
1262 3922 1409 3974 terentum
1422 3934 1463 3988 gc
1483 3923 1530 3974 ter-

213 4023 325 4078 centum
340 4034 367 4073 m
386 3997 537 4071 romerdol
554 4032 724 4071 numerorum
744 4018 917 4085 numerisgc
940 4016 1109 4085 uicinaqueo
1131 4046 1161 4054 —
1181 4020 1235 4072 420
1253 4017 1432 4073 detruditur-o
1451 4021 1531 4087 quota

213 4114 358 4186 (4040441111
384 4119 463 4185 quota
485 4115 623 4183 demitgc
651 4115 719 4184 quod
740 4114 877 4169 aderuitur
895 4129 922 4169 m
951 4118 1032 4183 utque
1056 4114 1123 4183 lgm
1147 4118 1325 4184 utrumquec
1348 4144 1381 4153 -
1407 4117 1459 4170 422
1484 4134 1531 4185 pe·

214 4218 333 4285 rapoto
358 4242 390 4249 -
415 4214 467 4268 423
492 4218 676 4283 compernem
698 4202 733 4267 'id
751 4212 870 4281 dmitog
897 4212 926 4267 id
944 4211 1051 4267 4100440)
1076 4242 1108 4251 -
1132 4214 1184 4267 425
1203 4214 1343 4267 nominee
1361 4214 1473 4269 nmiiro
1496 4242 1528 4251 ›-

213 4317 273 4372 427
302 4315 415 4381 quotque
439 4327 458 4379 g
485 4314 614 4379 exuperat
634 4326 661 4365 m
693 4313 875 4379 4000000440
904 4342 939 4349 -
967 4313 1018 4365 429
1045 4309 1225 4378 0040040401
1256 4329 1402 4367 numerum
1426 4326 1451 4365 m
1480 4330 1529 4366 440-

211 4429 293 4471 mero
312 4424 353 4479 gc
374 4439 409 4445 -
430 4410 484 4464 430
504 4409 623 4464 traditur
639 4417 664 4465 et
675 4428 701 4478 p.
716 4410 773 4479 lgc
795 4409 914 4465 truditur
927 4427 953 4479 p.
972 4423 1000 4463 ru
1022 4436 1054 4445 -
1073 4408 1122 4463 431
1142 4408 1282 4475 procedent
1302 4424 1328 4463 m
1346 4408 1497 4477 procedunt
1509 4425 1530 4461 ω

205 4504 345 4586 prioris}
363 4508 531 4577 priorisgm
553 4536 583 4545 -
606 4509 659 4563 432
677 4521 804 4563 44004440
827 4506 984 4564 0044404010
1007 4520 1161 4561 mrmerom
1180 4522 1327 4575 memerog
1347 4534 1379 4544 -
1399 4506 1531 4575 430000-

210 4609 314 4668 uem'et
327 4621 355 4661 m
371 4608 535 4675 perueniant
548 4620 578 4658 u.
