3642 5259
803 388 888 447 Liber
909 388 942 447 ll.
980 392 1131 449 469-489.

470 606 655 672 scribuntur
678 627 800 672 conexa
823 609 955 690 umeris,
978 615 1154 695 pectusque
1177 610 1317 676 locatum

416 737 457 777 sec
470 715 530 779 sub
554 734 670 779 cancro
695 723 752 798 est,
776 715 916 781 laterum
939 737 1078 802 regnum
1101 717 1317 803 scapulasque
1339 718 1457 798 leonis3

471 822 606 906 uirginis
630 822 663 887 in
686 823 851 908 propriam
876 824 1077 888 descendunt
1098 824 1154 889 ilia
1176 832 1310 905 sortem3

468 929 553 994 libra
575 931 659 1015 regit
682 930 802 1011 clunes,
827 937 860 995 et
880 933 1024 1017 scorpios
1046 933 1180 1017 inguine
1204 932 1339 1018 gaudet;

471 1042 624 1101 centauro
648 1036 770 1101 femina
793 1038 959 1118 accedunt,
985 1038 1193 1123 capricornus
1216 1040 1361 1124 utrisque

470 1144 634 1229 imperitat
656 1144 803 1229 genibus,
827 1166 957 1210 crurum
981 1145 1147 1211 fundentis
1170 1148 1299 1242 aquari·

418 1274 458 1315 me
471 1251 641 1316 arbitrium
664 1258 723 1333 est,
746 1253 915 1337 piscesque
938 1254 1057 1339 pedum
1082 1254 1144 1318 sibi
1166 1254 1239 1318 iura
1261 1260 1442 1341 reposcunt.

524 1360 602 1444 quin
625 1360 724 1425 etiam
745 1362 883 1446 propriis
907 1362 992 1426 inter
1015 1383 1050 1427 se
1072 1362 1199 1447 legibus
1222 1368 1309 1427 astra

473 1467 678 1549 conueniunt,
703 1475 740 1533 nt
762 1475 850 1533 certa
873 1475 990 1554 gerant
1012 1471 1207 1536 commercia
1226 1491 1350 1550 rerum3

471 1576 569 1660 inque
593 1576 697 1640 uicem
720 1582 887 1661 praestant
910 1577 998 1641 uisus
1022 1582 1122 1662 atque
1145 1576 1278 1642 auribus
1301 1564 1452 1657 haereutj

473 1690 530 1747 aut
552 1681 661 1746 odium
685 1682 840 1747 loedusus
864 1690 991 1767 gerunt,
1015 1704 1238 1769 conuersaque
1261 1686 1421 1769 quaedam

420 1814 460 1855 no
473 1791 505 1853 in
531 1796 633 1854 semet
655 1791 785 1876 proprio
808 1790 971 1855 ducuntur
993 1792 1089 1876 plena
1112 1792 1236 1857 fauore.

472 1896 592 1961 idcirco
617 1896 762 1963 aduersis
785 1918 1029 1983 nonnumquam
1053 1901 1158 1985 gratia
1182 1901 1292 1986 signis,

475 2011 507 2069 at
531 2003 650 2069 bellum
674 2005 796 2069 sociata
819 2012 946 2089 gerunt
970 2007 1141 2092 alienaque
1164 2008 1252 2072 sede

473 2112 558 2176 inter
579 2134 614 2176 se
638 2120 796 2197 generant
819 2113 1006 2179 coniunctos
1031 2136 1126 2179 omne
1148 2136 1208 2201 per
1230 2136 1358 2196 aeuum,

474 2220 603 2304 utrique
626 2226 682 2284 aut
705 2222 783 2285 sorti
807 2228 954 2306 pugnant
976 2223 1170 2308 fugiuntque
1193 2224 1346 2289 uicissim.

423 2350 462 2391 475
477 2326 564 2412 quod
587 2327 677 2410 deus,
700 2328 733 2391 in
757 2328 846 2413 leges
870 2330 1027 2393 mundum
1051 2351 1126 2393 cum
1150 2322 1310 2394 conderet
1326 2350 1466 2408 omnem,

476 2434 610 2499 affectus
634 2456 763 2519 quoque
787 2436 897 2501 diuisit
920 2437 1122 2500 cenantibus
1147 2439 1241 2501 astris

478 2548 574 2626 atque
597 2542 733 2606 aliomm
758 2544 877 2625 oculos,
901 2542 1039 2607 aliorum
1064 2545 1199 2609 contulit
1222 2564 1327 2625 aures,

478 2649 581 2714 iunxit
605 2650 763 2715 amicitias
785 2650 901 2715 horum
922 2652 985 2716 sub
1008 2651 1140 2716 foedere
1164 2658 1262 2734 certe,

478 2778 610 2821 cernere
635 2764 669 2821 ut
692 2759 776 2822 inter
799 2780 833 2821 se
857 2765 990 2843 possent
1012 2759 1199 2844 audireque,
1224 2760 1383 2845 quaedam

400 2906 401 2909 =
425 2888 465 2929 rao
479 2864 651 2951 diligerent
674 2866 738 2931 alia
762 2872 793 2929 st
816 2887 918 2930 noxas
941 2865 1127 2952 bellumque
1150 2873 1328 2947 mouerent,
1372 2914 1403 2957 ..a

479 2972 529 3035 his
553 2972 650 3036 etiam
674 2974 824 3057 propriae
848 2974 933 3037 leret
954 2974 1156 3059 indulgentia
1179 2976 1284 3055 sortis,

481 3086 516 3143 ut
539 3100 573 3143 se
596 3079 767 3164 diligerent
790 3101 918 3165 semper
941 3080 1066 3166 sibique
1089 3083 1160 3167 ipsa
1182 3082 1377 3167 placerent:
1494 3093 1497 3098 '

482 3188 526 3250 sio
550 3192 586 3250 ut
610 3193 740 3251 naturas
764 3187 932 3253 hominum
956 3188 1127 3274 plerasque
1149 3189 1308 3269 uidemus,
1368 3197 1371 3207 '

483 3295 538 3379 qui
560 3314 663 3379 genus
687 3315 726 3357 ex
750 3296 850 3380 signis
873 3296 995 3361 ducunt
1018 3297 1233 3362 formantibus
1255 3304 1379 3361 ortua·

429 3424 469 3465 css
483 3400 651 3465 consilium
674 3402 743 3486 ipse
767 3422 860 3467 suum
882 3400 933 3467 'est
954 3404 1049 3485 aries,
1074 3410 1110 3468 ut
1133 3405 1277 3490 principe
1300 3404 1435 3489 dignum
1459 3407 1523 3481 est3

484 3508 574 3572 audit
596 3529 631 3572 ss
655 3507 833 3595 librumque
856 3511 955 3593 uidet,
979 3512 1155 3576 frustratur
1177 3512 1316 3577 amando
1397 3542 1402 3552 ·

361 3623 364 3631 ’
484 3621 623 3696 taurum,
647 3616 791 3702 lanigero
816 3620 871 3703 qui
893 3618 1043 3684 fraudem
1067 3619 1168 3683 nectit
1190 3624 1223 3683 et
1244 3620 1330 3687 ultra

484 3721 639 3809 fulgentis
661 3724 750 3789 uidet
772 3732 868 3811 atque
893 3726 984 3792 audit
1006 3747 1065 3811 per
1087 3726 1195 3790 sidera
1216 3727 1336 3811 pisces3

483 3832 610 3916 uirgine
634 3852 724 3896 mens
748 3834 886 3918 capitur3
911 3834 958 3898 sic
981 3833 1145 3918 quondam
1169 3840 1303 3898 nexerat
1325 3838 1400 3897 ante

433 4028 485 4082 459
503 4023 662 4082 maanaim
685 4043 840 4097 mnusuag
861 4027 1014 4083 tumerieo
1039 4056 1071 4065 —
1095 4029 1148 4083 469
1171 4008 1268 4097 reyltl
1291 4032 1403 4097 reyctm
1426 4025 1546 4096 repitge
1569 4040 1637 4089 scor·

322 4126 452 4195 piceo—
464 4126 517 4181 469
525 4125 630 4195 serame
641 4140 657 4180 o
668 4155 700 4163 —
715 4128 767 4182 464
782 4126 1070 4195 imperaretqeaibuso
1087 4142 1201 4181 aermon
1212 4140 1227 4180 c
1238 4125 1398 4195 amenego
1413 4152 1446 4160 -
1461 4123 1637 4178 anteactae

323 4240 439 4295 gramm
465 4225 620 4280 commertia
646 4239 673 4293 g.
700 4242 721 4279 s.
749 4242 769 4279 c.
797 4223 908 4278 auditae
934 4224 1013 4278 aleae
1039 4240 1126 4279 meres
1152 4223 1214 4278 odia
1233 4238 1262 4277 m
1296 4226 1348 4277 466
1375 4238 1437 4277 aem
1462 4220 1578 4276 eduma
1602 4246 1636 4257 -

326 4324 379 4378 469
396 4322 553 4392 foedaraeo
582 4354 610 4361 -
634 4326 685 4378 471
706 4322 831 4390 iccirccg
853 4320 950 4377 idolo
972 4322 1001 4376 id
1018 4324 1128 4377 obeam
1151 4326 1247 4376 nossa
1265 4336 1345 4389 pram
1362 4335 1392 4374 m
1410 4318 1456 4388 (b)
1480 4352 1515 4361 -
1537 4304 1638 4376 47883

325 4420 446 4491 geraatl
469 4436 496 4476 re
511 4424 647 4491 qeraatm
663 4438 716 4477 eece
731 4423 861 4490 perante
880 4436 935 4475 ecee
953 4423 1117 4488 peneraatg
1136 4448 1169 4456 -
1189 4420 1242 4473 474
1264 4415 1483 4488 ubiqaellleorts'
1499 4416 1511 4471 l
1529 4419 1638 4487 utrique

326 4491 1638 4589 arcamarcaa-secretalemcommerear-maru..

328 4618 380 4672 479
397 4616 564 4687 poseiatmc
585 4619 726 4686 posseatg
745 4644 778 4653 -
798 4616 850 4669 486
868 4614 1096 4681 eilrbramqaelm
1119 4614 1308 4682 silibramque
1325 4629 1366 4682 gc
1385 4642 1418 4651 -
1442 4616 1494 4668 487
1514 4617 1638 4668 mamae

327 4716 452 4789 fraudor
467 4758 473 4769 .
489 4756 494 4767 .
509 4758 514 4769 .
528 4714 692 4783 arguimur
704 4714 734 4771 iu
749 4727 840 4781 marg.
852 4728 889 4767 m.
903 4712 972 4779 rec.)
991 4739 1022 4748 -
1042 4714 1094 4767 488
1104 4710 1313 4781 solymtislgm
1331 4738 1366 4751 -
1380 4714 1549 4767 rueme
1564 4710 1638 4768 rico.
