3642 5259
802 334 888 393 Liber
907 335 927 391 1.
964 337 1114 393 ere—55&

462 574 522 619 nec
547 550 663 616 cadere
685 551 719 615 in
743 557 863 617 terram
886 551 1062 637 pendentia
1083 552 1191 618 sidere
1215 554 1304 618 ceelc

408 686 449 729 rso
462 661 519 726 sed
542 660 689 725 dimensa
712 660 778 724 suin
801 680 991 724 consumere
1015 664 1163 746 tempore
1184 660 1302 745 signis:

462 791 526 836 non
551 789 643 833 casus
667 789 747 853 opus
771 774 829 847 est,
852 767 964 853 magni
987 767 1045 832 sed
1067 768 1209 833 numinis
1233 769 1321 834 ordo.

513 878 595 941 haec
618 875 717 961 igitur
739 881 852 940 texunt
875 876 1003 961 aequali
1027 875 1134 941 sidera
1157 881 1262 941 tractu

460 984 590 1071 ignibus
612 984 646 1047 in
670 984 779 1048 uerius
802 983 927 1048 caelum
950 984 1136 1068 lequeeutia
1159 984 1289 1051 formes.

461 1094 556 1159 altius
579 1092 629 1155 his
652 1091 732 1155 nihil
755 1097 818 1172 est;
841 1091 924 1156 haec
947 1097 1023 1156 sunt
1044 1090 1176 1177 fastigia
1198 1093 1326 1173 mundi3

406 1200 590 1289 respublica
613 1204 749 1263 naturae
771 1198 887 1265 domus
909 1198 961 1263 his
985 1204 1136 1265 contente
1158 1205 1287 1267 tenetur

458 1307 576 1374 finibus
600 1306 797 1391 amplectens
819 1312 956 1392 pontum
979 1312 1147 1393 terresque
1169 1308 1313 1374 iacentis.

459 1416 568 1483 omnia
591 1413 743 1479 concordi
765 1418 870 1479 tractu
893 1414 1093 1500 ueniuntque
1116 1414 1311 1502 caduntque,

459 1545 523 1610 qun
545 1522 645 1587 semel
669 1521 816 1586 incubuit
838 1522 965 1587 caelum
988 1543 1184 1608 uersumque
1208 1525 1356 1610 resurgit.

511 1632 581 1717 ipse
605 1634 713 1693 eutem
737 1635 893 1713 quantum
918 1650 1063 1696 connexo
1088 1629 1227 1696 mundus
1251 1631 1390 1720 Olympo

403 1764 443 1808 540
457 1739 602 1805 obtinent
625 1736 775 1822 spatium,
799 1738 929 1823 quentis
952 1737 1002 1802 bis
1025 1759 1105 1803 seue
1127 1737 1275 1803 ferentur

456 1847 576 1913 finibus
600 1849 695 1925 astra,
721 1844 815 1909 docet
837 1845 930 1926 ratio,
955 1846 1008 1910 cui
1031 1846 1122 1911 nulle
1143 1848 1298 1911 resistunt

457 1955 598 2020 claustra
620 1972 681 2016 nec
703 1953 870 2018 inmensae
893 1954 996 2018 moles
1020 1954 1204 2039 ceduntque
1227 1976 1384 2036 recessus,

457 2062 565 2127 omnia
589 2061 811 2143 succumbunt,
836 2061 942 2148 ipsum
967 2067 1015 2126 est
1038 2061 1239 2148 penetrabile
1263 2063 1398 2127 caelum.

455 2189 531 2234 nam
556 2174 712 2253 quantum
736 2190 756 2231 e
779 2170 873 2234 terris
898 2176 994 2254 etque
1019 2190 1160 2254 aequore
1182 2170 1276 2254 signe
1298 2171 1464 2254 recedunt,

401 2301 441 2343 545
456 2282 582 2342 tentum
605 2276 682 2340 bina
705 2281 825 2361 patent.
873 2297 1078 2362 quacumque
1101 2275 1255 2341 inciditur
1277 2278 1364 2342 orbis

454 2406 513 2469 per
535 2383 689 2464 medium,
714 2404 788 2467 pers
812 2383 953 2449 efficitur
976 2390 1044 2449 tum
1068 2385 1164 2448 tertie
1186 2384 1256 2470 gyri

455 2492 570 2576 exiguo
595 2490 749 2555 dirimens
773 2491 909 2555 solidum
933 2491 1120 2557 discrimine
1143 2511 1313 2556 summum.

454 2602 544 2663 astra
566 2600 665 2684 igitur
688 2599 814 2663 caelum
838 2599 887 2663 bis
910 2599 989 2664 bine
1012 2598 1133 2685 refugit
1155 2600 1196 2664 ab
1219 2600 1285 2665 imo
1347 2670 1350 2678 ,

452 2728 624 2788 summum,
647 2706 697 2771 bis
721 2708 806 2772 senis
829 2714 866 2771 ut
888 2707 930 2771 sit
951 2729 1027 2793 pers
1050 2708 1147 2773 tertie
1169 2708 1279 2795 siguis.

400 2836 440 2879 550
455 2813 511 2880 sed
535 2816 610 2899 quin
633 2835 692 2900 per
715 2814 857 2879 medium
883 2820 933 2879 est
955 2815 1050 2879 tellus
1073 2836 1231 2901 suspense
1253 2815 1463 2902 profundum,

452 2922 537 2986 binis
560 2944 580 2986 a
602 2942 728 2986 summo
752 2922 852 3005 signis
875 2920 1013 2986 discedit
1035 2926 1069 2985 et
1090 2922 1166 2987 imo.

451 3030 527 3094 hinc
550 3028 649 3113 igitur
672 3027 898 3114 quodcumque
922 3049 1021 3114 supra
1044 3033 1076 3093 te
1099 3029 1236 3114 suspicis
1259 3029 1338 3114 ipse,

452 3159 517 3222 qun
538 3157 597 3222 per
618 3136 716 3201 inane
738 3141 849 3201 meant
872 3136 957 3200 oculi
981 3156 1110 3221 qusque
1132 3137 1180 3200 ire
1203 3142 1365 3219 recusent,

451 3244 536 3310 binis
560 3242 766 3329 aequandum
789 3248 838 3307 est
861 3241 972 3329 signis,
998 3262 1054 3307 sex
1077 3248 1170 3307 tante
1192 3242 1351 3309 rotundae

397 3374 437 3416 sss
451 3352 598 3417 efficiunt
621 3351 733 3416 orbem
756 3370 868 3432 zonae,
893 3371 959 3435 que
982 3349 1076 3435 signe
1099 3349 1250 3415 feruntur

451 3458 499 3523 bis
522 3480 578 3523 sex
601 3457 729 3543 aequali
753 3457 856 3543 spatio
880 3456 1023 3521 texentis
1046 3458 1186 3521 caelum.

451 3588 510 3631 nec
533 3565 650 3630 mirere
674 3585 774 3649 uegos
798 3570 909 3651 partus
933 3564 1048 3629 eedem
1072 3584 1145 3630 esse
1169 3586 1228 3650 per
1251 3571 1338 3631 estre

450 3679 482 3738 et
502 3674 638 3739 mixtum
661 3673 785 3759 ingenti
808 3672 937 3758 generis
959 3672 1146 3739 discrimine
1177 3673 1289 3756 fetum,

395 3988 447 4042 529
470 3992 602 4042 terramo
621 4012 654 4023 -
674 3984 819 4055 sequitur:
840 3984 885 4040 De
900 3983 1038 4054 perdictis
1055 3984 1172 4042 circulis.
1205 3986 1332 4042 orreretur
1350 3988 1387 4042 ad
1405 4014 1439 4024 -
1455 3986 1605 4042 uolitantem

286 4102 352 4157 gyro
370 4084 535 4153 (566-611)
554 4083 609 4139 lm.
637 4097 694 4141 om.
713 4082 745 4139 dn
758 4082 857 4153 parcit
877 4098 901 4139 c.
930 4098 950 4153 g
970 4079 1117 4151 (trajectio
1136 4082 1239 4140 eadem
1258 4085 1316 4151 est)
1330 4112 1363 4123 -
1377 4084 1429 4139 532
1447 4067 1603 4140 sucidi—

288 4184 340 4238 533
367 4186 398 4238 in
422 4180 449 4216 “¹
469 4183 574 4239 cestren
595 4178 623 4213 “²
648 4181 771 4263 rmrieel
798 4180 876 4251 (coll.
896 4180 988 4249 Vrat)
1015 4183 1046 4239 in
1062 4200 1084 4239 c.
1101 4196 1169 4251 seg
1194 4182 1226 4237 in
1248 4182 1344 4237 neriae
1367 4182 1469 4238 caelum
1491 4196 1543 4237 mc
1568 4210 1602 4219 -

288 4280 340 4336 536
367 4280 479 4336 &rectis
496 4294 523 4336 m
553 4280 701 4336 terentesn
729 4310 763 4319 —
791 4282 858 4351 post
876 4282 930 4337 538
953 4280 1119 4350 (resurgit):
1149 4279 1193 4336 De
1211 4279 1394 4349 menduces
1415 4286 1441 4335 ct
1458 4278 1603 4335 latitudine

288 4378 385 4433 mundi
394 4378 587 4449 etsiqnoruml
600 4378 714 4449 (mimg
731 4376 822 4449 (maj.)
834 4381 853 4434 d
864 4378 1008 4435 latttndieoe
1019 4382 1048 4434 et
1056 4378 1246 4450 magnitudine
1254 4396 1290 4433 m.
1299 4396 1321 4434 e.
1330 4394 1352 4433 s.
1365 4392 1396 4433 rn
1409 4377 1492 4434 deest
1501 4377 1532 4433 iu
1542 4391 1558 4432 c
1568 4405 1602 4415 -

287 4476 585 4533 trasumenum
599 4505 632 4515 -
646 4478 698 4534 545
711 4484 849 4548 ursumque
861 4492 891 4533 ru
904 4506 938 4516 -
955 4479 1009 4534 548
1020 4476 1289 4547 mmmsmiqimro
1306 4491 1392 4545 mrcg
1410 4504 1443 4514 —
1461 4476 1513 4531 549
1525 4476 1603 4530 aem

286 4576 326 4631 bie
342 4590 359 4631 ο
376 4604 412 4613 -
428 4577 480 4631 552
499 4576 712 4647 daegniturm
734 4574 1041 4646 —5531nalquem
1058 4564 1183 4645 guiqml
1200 4574 1458 4645 eumaem-554
1477 4572 1605 4641 tanteml

285 4676 401 4730 uatem
420 4700 453 4713 -·
472 4676 524 4730 557
543 4690 620 4731 neec
639 4703 672 4714 -
690 4675 744 4731 55⁸
759 4675 888 4744 fetrcmm
907 4673 953 4741 (L)
969 4674 1105 4743 fatrem.
