<?xml version="1.0" encoding="UTF-8"?>
<!DOCTYPE html PUBLIC "-//W3C//DTD XHTML 1.0 Transitional//EN"
    "http://www.w3.org/TR/xhtml1/DTD/xhtml1-transitional.dtd">
<html xmlns="http://www.w3.org/1999/xhtml" xml:lang="en" lang="en">
 <head>
  <title>
</title>
<meta http-equiv="Content-Type" content="text/html;charset=utf-8" />
  <meta name='ocr-system' content='tesseract 3.04.00' />
  <meta name='ocr-capabilities' content='ocr_page ocr_carea ocr_par ocr_line ocrx_word'/>
</head>
<body>
  <div class='ocr_page' id='page_1' title='image "./mmanilivsastron00breigoog/mmanilivsastron00breigoog_0162.png"; bbox 0 0 3642 5259; ppageno 0'>
   <div class='ocr_carea' id='block_1_1' title="bbox 312 401 1139 478">
    <p class='ocr_par' dir='ltr' id='par_1_1' title="bbox 312 401 1139 478">
     <span class='ocr_line' id='line_1_1' title="bbox 312 401 1139 478; baseline -0.025 1"><span class='ocrx_word' id='word_1_1' title='bbox 312 414 375 478; x_wconf 86' lang='lat'><strong>118</strong></span> <span class='ocrx_word' id='word_1_2' title='bbox 798 403 885 460; x_wconf 85' lang='lat' dir='ltr'><strong>Liber</strong></span> <span class='ocrx_word' id='word_1_3' title='bbox 902 401 951 460; x_wconf 82' lang='lat' dir='ltr'><strong>lv.</strong></span> <span class='ocrx_word' id='word_1_4' title='bbox 989 403 1139 460; x_wconf 72' lang='lat'>815-845.</span> 
     </span>
    </p>
   </div>
   <div class='ocr_carea' id='block_1_2' title="bbox 413 617 1386 1032">
    <p class='ocr_par' dir='ltr' id='par_1_2' title="bbox 413 617 1386 1032">
     <span class='ocr_line' id='line_1_2' title="bbox 413 617 1332 706; baseline -0.013 -14"><span class='ocrx_word' id='word_1_5' title='bbox 413 649 454 693; x_wconf 79' lang='lat' dir='ltr'><strong>ssa</strong></span> <span class='ocrx_word' id='word_1_6' title='bbox 467 625 514 691; x_wconf 88' lang='lat' dir='ltr'><strong>sio</strong></span> <span class='ocrx_word' id='word_1_7' title='bbox 537 622 599 690; x_wconf 89' lang='lat' dir='ltr'><strong>erit</strong></span> <span class='ocrx_word' id='word_1_8' title='bbox 621 628 654 687; x_wconf 89' lang='lat' dir='ltr'><strong>et</strong></span> <span class='ocrx_word' id='word_1_9' title='bbox 676 621 771 688; x_wconf 89' lang='lat' dir='ltr'><strong>sedes</strong></span> <span class='ocrx_word' id='word_1_10' title='bbox 794 619 951 706; x_wconf 73' lang='lat' dir='ltr'><strong>fugienda</strong></span> <span class='ocrx_word' id='word_1_11' title='bbox 972 618 1176 705; x_wconf 83' lang='lat' dir='ltr'><strong>potandaque</strong></span> <span class='ocrx_word' id='word_1_12' title='bbox 1200 617 1332 704; x_wconf 81' lang='lat' dir='ltr'><strong>cuique3</strong></span> 
     </span>
     <span class='ocr_line' id='line_1_3' title="bbox 468 725 1291 818; baseline -0.009 -21"><span class='ocrx_word' id='word_1_13' title='bbox 468 732 514 797; x_wconf 91' lang='lat' dir='ltr'><strong>sic</strong></span> <span class='ocrx_word' id='word_1_14' title='bbox 537 730 700 818; x_wconf 86' lang='lat' dir='ltr'><strong>speranda</strong></span> <span class='ocrx_word' id='word_1_15' title='bbox 720 728 813 811; x_wconf 86' lang='lat' dir='ltr'><strong>fides,</strong></span> <span class='ocrx_word' id='word_1_16' title='bbox 837 728 884 793; x_wconf 89' lang='lat' dir='ltr'><strong>sic</strong></span> <span class='ocrx_word' id='word_1_17' title='bbox 907 733 940 792; x_wconf 92' lang='lat' dir='ltr'><strong>et</strong></span> <span class='ocrx_word' id='word_1_18' title='bbox 962 726 1137 793; x_wconf 88' lang='lat' dir='ltr'><strong>metuenda</strong></span> <span class='ocrx_word' id='word_1_19' title='bbox 1159 725 1291 811; x_wconf 85' lang='lat' dir='ltr'><strong>pericla,</strong></span> 
     </span>
     <span class='ocr_line' id='line_1_4' title="bbox 468 832 1337 925; baseline -0.009 -21"><span class='ocrx_word' id='word_1_20' title='bbox 468 844 504 904; x_wconf 90' lang='lat' dir='ltr'><strong>ut</strong></span> <span class='ocrx_word' id='word_1_21' title='bbox 526 860 629 925; x_wconf 80' lang='lat' dir='ltr'><strong>genus</strong></span> <span class='ocrx_word' id='word_1_22' title='bbox 651 838 686 903; x_wconf 90' lang='lat' dir='ltr'><strong>in</strong></span> <span class='ocrx_word' id='word_1_23' title='bbox 710 843 830 902; x_wconf 89' lang='lat' dir='ltr'><strong>terram</strong></span> <span class='ocrx_word' id='word_1_24' title='bbox 853 836 943 901; x_wconf 85' lang='lat' dir='ltr'><strong>caelo</strong></span> <span class='ocrx_word' id='word_1_25' title='bbox 967 832 1135 900; x_wconf 89' lang='lat' dir='ltr'><strong>descendit</strong></span> <span class='ocrx_word' id='word_1_26' title='bbox 1157 834 1198 899; x_wconf 91' lang='lat' dir='ltr'><strong>ab</strong></span> <span class='ocrx_word' id='word_1_27' title='bbox 1223 833 1298 897; x_wconf 72' lang='lat' dir='ltr'><strong>alto,</strong></span> <span class='ocrx_word' id='word_1_28' title='bbox 1334 851 1337 861; x_wconf 59' lang='lat'><strong><em>¹</em></strong></span> 
     </span>
     <span class='ocr_line' id='line_1_5' title="bbox 522 936 1386 1032; baseline -0.008 -21"><span class='ocrx_word' id='word_1_29' title='bbox 522 946 653 1032; x_wconf 89' lang='lat' dir='ltr'><strong>percipe</strong></span> <span class='ocrx_word' id='word_1_30' title='bbox 676 965 763 1010; x_wconf 92' lang='lat' dir='ltr'><strong>nunc</strong></span> <span class='ocrx_word' id='word_1_31' title='bbox 786 943 894 1023; x_wconf 88' lang='lat' dir='ltr'><strong>etiam,</strong></span> <span class='ocrx_word' id='word_1_32' title='bbox 919 963 1003 1029; x_wconf 90' lang='lat' dir='ltr'><strong>quae</strong></span> <span class='ocrx_word' id='word_1_33' title='bbox 1027 942 1091 1006; x_wconf 89' lang='lat' dir='ltr'><strong>sint</strong></span> <span class='ocrx_word' id='word_1_34' title='bbox 1114 940 1263 1026; x_wconf 87' lang='lat' dir='ltr'><strong>ecliptica</strong></span> <span class='ocrx_word' id='word_1_35' title='bbox 1286 936 1386 1005; x_wconf 83' lang='lat' dir='ltr'><strong>Graio</strong></span> 
     </span>
    </p>
   </div>
   <div class='ocr_carea' id='block_1_3' title="bbox 357 1049 1469 3935">
    <p class='ocr_par' dir='ltr' id='par_1_3' title="bbox 469 1049 1358 1139">
     <span class='ocr_line' id='line_1_6' title="bbox 469 1049 1358 1139; baseline -0.008 -20"><span class='ocrx_word' id='word_1_36' title='bbox 469 1052 610 1135; x_wconf 86' lang='lat' dir='ltr'><strong>nomine,</strong></span> <span class='ocrx_word' id='word_1_37' title='bbox 635 1053 721 1139; x_wconf 92' lang='lat' dir='ltr'><strong>quod</strong></span> <span class='ocrx_word' id='word_1_38' title='bbox 744 1056 849 1117; x_wconf 88' lang='lat' dir='ltr'><strong>certos</strong></span> <span class='ocrx_word' id='word_1_39' title='bbox 873 1050 966 1137; x_wconf 89' lang='lat' dir='ltr'><strong>quasi</strong></span> <span class='ocrx_word' id='word_1_40' title='bbox 990 1049 1152 1115; x_wconf 76' lang='lat' dir='ltr'><strong>delassata</strong></span> <span class='ocrx_word' id='word_1_41' title='bbox 1174 1068 1234 1133; x_wconf 89' lang='lat' dir='ltr'><strong>per</strong></span> <span class='ocrx_word' id='word_1_42' title='bbox 1256 1068 1358 1114; x_wconf 88' lang='lat' dir='ltr'><strong>annos</strong></span> 
     </span>
    </p>

    <p class='ocr_par' dir='ltr' id='par_1_4' title="bbox 417 1157 1365 1673">
     <span class='ocr_line' id='line_1_7' title="bbox 417 1157 1297 1248; baseline -0.011 -20"><span class='ocrx_word' id='word_1_43' title='bbox 417 1183 458 1228; x_wconf 83' lang='lat' dir='ltr'><strong>sao</strong></span> <span class='ocrx_word' id='word_1_44' title='bbox 471 1181 717 1248; x_wconf 85' lang='lat' dir='ltr'><strong>nonnumquam</strong></span> <span class='ocrx_word' id='word_1_45' title='bbox 740 1163 868 1225; x_wconf 89' lang='lat' dir='ltr'><strong>cassant</strong></span> <span class='ocrx_word' id='word_1_46' title='bbox 889 1157 992 1223; x_wconf 88' lang='lat' dir='ltr'><strong>sterili</strong></span> <span class='ocrx_word' id='word_1_47' title='bbox 1014 1157 1176 1243; x_wconf 79' lang='lat' dir='ltr'><strong>torpentia</strong></span> <span class='ocrx_word' id='word_1_48' title='bbox 1197 1161 1297 1221; x_wconf 89' lang='lat' dir='ltr'><strong>motu.</strong></span> 
     </span>
     <span class='ocr_line' id='line_1_8' title="bbox 471 1264 1290 1350; baseline -0.009 -14"><span class='ocrx_word' id='word_1_49' title='bbox 471 1269 593 1336; x_wconf 89' lang='lat' dir='ltr'><strong>scilicet</strong></span> <span class='ocrx_word' id='word_1_50' title='bbox 616 1269 764 1335; x_wconf 91' lang='lat' dir='ltr'><strong>inmenso</strong></span> <span class='ocrx_word' id='word_1_51' title='bbox 786 1266 869 1332; x_wconf 89' lang='lat' dir='ltr'><strong>nihil</strong></span> <span class='ocrx_word' id='word_1_52' title='bbox 891 1271 942 1331; x_wconf 87' lang='lat' dir='ltr'><strong>est</strong></span> <span class='ocrx_word' id='word_1_53' title='bbox 964 1265 1100 1350; x_wconf 84' lang='lat' dir='ltr'><strong>aequale</strong></span> <span class='ocrx_word' id='word_1_54' title='bbox 1123 1264 1183 1330; x_wconf 85' lang='lat' dir='ltr'><strong>sub</strong></span> <span class='ocrx_word' id='word_1_55' title='bbox 1208 1284 1290 1329; x_wconf 89' lang='lat' dir='ltr'><strong>aeuo</strong></span> 
     </span>
     <span class='ocr_line' id='line_1_9' title="bbox 472 1374 1313 1463; baseline -0.007 -22"><span class='ocrx_word' id='word_1_56' title='bbox 472 1383 710 1463; x_wconf 83' lang='lat' dir='ltr'><strong>perpetuosque</strong></span> <span class='ocrx_word' id='word_1_57' title='bbox 732 1379 822 1440; x_wconf 88' lang='lat' dir='ltr'><strong>tenet</strong></span> <span class='ocrx_word' id='word_1_58' title='bbox 842 1374 940 1439; x_wconf 90' lang='lat' dir='ltr'><strong>flores</strong></span> <span class='ocrx_word' id='word_1_59' title='bbox 964 1394 1129 1458; x_wconf 86' lang='lat' dir='ltr'><strong>unumque</strong></span> <span class='ocrx_word' id='word_1_60' title='bbox 1151 1377 1313 1450; x_wconf 81' lang='lat' dir='ltr'><strong>tenorem3</strong></span> 
     </span>
     <span class='ocr_line' id='line_1_10' title="bbox 473 1481 1365 1565; baseline -0.008 -15"><span class='ocrx_word' id='word_1_61' title='bbox 473 1490 639 1550; x_wconf 87' lang='lat' dir='ltr'><strong>mutantur</strong></span> <span class='ocrx_word' id='word_1_62' title='bbox 661 1483 719 1550; x_wconf 91' lang='lat' dir='ltr'><strong>sed</strong></span> <span class='ocrx_word' id='word_1_63' title='bbox 741 1487 858 1549; x_wconf 91' lang='lat' dir='ltr'><strong>cuncta</strong></span> <span class='ocrx_word' id='word_1_64' title='bbox 880 1481 933 1547; x_wconf 93' lang='lat' dir='ltr'><strong>die</strong></span> <span class='ocrx_word' id='word_1_65' title='bbox 956 1481 1149 1565; x_wconf 88' lang='lat' dir='ltr'><strong>uariautque</strong></span> <span class='ocrx_word' id='word_1_66' title='bbox 1172 1500 1230 1565; x_wconf 87' lang='lat' dir='ltr'><strong>per</strong></span> <span class='ocrx_word' id='word_1_67' title='bbox 1254 1500 1365 1544; x_wconf 85' lang='lat' dir='ltr'><strong>annos.</strong></span> 
     </span>
     <span class='ocr_line' id='line_1_11' title="bbox 473 1587 1233 1673; baseline -0.007 -17"><span class='ocrx_word' id='word_1_68' title='bbox 473 1598 507 1656; x_wconf 91' lang='lat' dir='ltr'><strong>et</strong></span> <span class='ocrx_word' id='word_1_69' title='bbox 527 1591 670 1658; x_wconf 83' lang='lat' dir='ltr'><strong>fecunda</strong></span> <span class='ocrx_word' id='word_1_70' title='bbox 692 1590 759 1657; x_wconf 92' lang='lat' dir='ltr'><strong>suis</strong></span> <span class='ocrx_word' id='word_1_71' title='bbox 782 1590 960 1655; x_wconf 89' lang='lat' dir='ltr'><strong>subsistunt</strong></span> <span class='ocrx_word' id='word_1_72' title='bbox 982 1587 1130 1673; x_wconf 78' lang='lat' dir='ltr'>frugibus</span> <span class='ocrx_word' id='word_1_73' title='bbox 1153 1608 1233 1652; x_wconf 86' lang='lat' dir='ltr'><strong>arua</strong></span> 
     </span>
    </p>

    <p class='ocr_par' dir='ltr' id='par_1_5' title="bbox 420 1694 1346 1999">
     <span class='ocr_line' id='line_1_12' title="bbox 420 1694 1283 1785; baseline -0.012 -17"><span class='ocrx_word' id='word_1_74' title='bbox 420 1721 461 1768; x_wconf 79' lang='lat' dir='ltr'><strong>sae</strong></span> <span class='ocrx_word' id='word_1_75' title='bbox 475 1700 710 1785; x_wconf 86' lang='lat' dir='ltr'><strong>continuosque</strong></span> <span class='ocrx_word' id='word_1_76' title='bbox 733 1702 855 1783; x_wconf 79' lang='lat' dir='ltr'><strong>negant</strong></span> <span class='ocrx_word' id='word_1_77' title='bbox 875 1703 989 1784; x_wconf 88' lang='lat' dir='ltr'><strong>partus</strong></span> <span class='ocrx_word' id='word_1_78' title='bbox 1012 1696 1109 1761; x_wconf 86' lang='lat' dir='ltr'><strong>effeta</strong></span> <span class='ocrx_word' id='word_1_79' title='bbox 1133 1694 1283 1760; x_wconf 85' lang='lat' dir='ltr'><strong>creando.</strong></span> 
     </span>
     <span class='ocr_line' id='line_1_13' title="bbox 474 1802 1346 1891; baseline -0.008 -19"><span class='ocrx_word' id='word_1_80' title='bbox 474 1828 586 1872; x_wconf 92' lang='lat' dir='ltr'><strong>rursus</strong></span> <span class='ocrx_word' id='word_1_81' title='bbox 610 1827 694 1891; x_wconf 88' lang='lat' dir='ltr'><strong>quae</strong></span> <span class='ocrx_word' id='word_1_82' title='bbox 716 1806 847 1871; x_wconf 87' lang='lat' dir='ltr'><strong>fucrant</strong></span> <span class='ocrx_word' id='word_1_83' title='bbox 869 1804 994 1870; x_wconf 82' lang='lat' dir='ltr'><strong>steriles</strong></span> <span class='ocrx_word' id='word_1_84' title='bbox 1017 1802 1059 1869; x_wconf 88' lang='lat' dir='ltr'><strong>ad</strong></span> <span class='ocrx_word' id='word_1_85' title='bbox 1082 1802 1346 1882; x_wconf 75' lang='lat' dir='ltr'><strong>seminatorum,</strong></span> 
     </span>
     <span class='ocr_line' id='line_1_14' title="bbox 475 1910 1310 1999; baseline -0.007 -20"><span class='ocrx_word' id='word_1_86' title='bbox 475 1918 549 1999; x_wconf 89' lang='lat' dir='ltr'><strong>post</strong></span> <span class='ocrx_word' id='word_1_87' title='bbox 571 1934 659 1979; x_wconf 92' lang='lat' dir='ltr'><strong>noua</strong></span> <span class='ocrx_word' id='word_1_88' title='bbox 681 1912 847 1979; x_wconf 87' lang='lat' dir='ltr'><strong>sufficiunt</strong></span> <span class='ocrx_word' id='word_1_89' title='bbox 868 1912 959 1978; x_wconf 87' lang='lat' dir='ltr'><strong>nullo</strong></span> <span class='ocrx_word' id='word_1_90' title='bbox 981 1910 1158 1977; x_wconf 74' lang='lat' dir='ltr'><strong>mandante</strong></span> <span class='ocrx_word' id='word_1_91' title='bbox 1180 1910 1310 1974; x_wconf 89' lang='lat' dir='ltr'><strong>tributa.</strong></span> 
     </span>
    </p>

    <p class='ocr_par' dir='ltr' id='par_1_6' title="bbox 357 2018 1417 2214">
     <span class='ocr_line' id='line_1_15' title="bbox 357 2018 1313 2107; baseline -0.006 -20"><span class='ocrx_word' id='word_1_92' title='bbox 357 2061 360 2067; x_wconf 77' lang='lat'><em>,</em></span> <span class='ocrx_word' id='word_1_93' title='bbox 477 2021 659 2086; x_wconf 86' lang='lat' dir='ltr'><strong>concutitur</strong></span> <span class='ocrx_word' id='word_1_94' title='bbox 682 2020 778 2086; x_wconf 88' lang='lat' dir='ltr'><strong>tellus</strong></span> <span class='ocrx_word' id='word_1_95' title='bbox 800 2020 917 2086; x_wconf 90' lang='lat' dir='ltr'><strong>ualidis</strong></span> <span class='ocrx_word' id='word_1_96' title='bbox 941 2019 1152 2107; x_wconf 79' lang='lat' dir='ltr'><strong>compagibus</strong></span> <span class='ocrx_word' id='word_1_97' title='bbox 1174 2018 1313 2082; x_wconf 86' lang='lat' dir='ltr'><strong>haerens</strong></span> 
     </span>
     <span class='ocr_line' id='line_1_16' title="bbox 478 2124 1417 2214; baseline -0.006 -21"><span class='ocrx_word' id='word_1_98' title='bbox 478 2127 692 2214; x_wconf 88' lang='lat' dir='ltr'><strong>subducitque</strong></span> <span class='ocrx_word' id='word_1_99' title='bbox 715 2127 820 2194; x_wconf 90' lang='lat' dir='ltr'><strong>solum</strong></span> <span class='ocrx_word' id='word_1_100' title='bbox 842 2127 991 2214; x_wconf 89' lang='lat' dir='ltr'><strong>pedibus,</strong></span> <span class='ocrx_word' id='word_1_101' title='bbox 1014 2130 1106 2191; x_wconf 84' lang='lat' dir='ltr'><strong>natat</strong></span> <span class='ocrx_word' id='word_1_102' title='bbox 1128 2125 1214 2191; x_wconf 87' lang='lat' dir='ltr'><strong>orbis</strong></span> <span class='ocrx_word' id='word_1_103' title='bbox 1238 2125 1270 2189; x_wconf 94' lang='lat' dir='ltr'><strong>in</strong></span> <span class='ocrx_word' id='word_1_104' title='bbox 1293 2124 1364 2209; x_wconf 91' lang='lat' dir='ltr'><strong>ipso</strong></span> <span class='ocrx_word' id='word_1_105' title='bbox 1416 2140 1417 2145; x_wconf 73' lang='grc'>’</span> 
     </span>
    </p>

    <p class='ocr_par' dir='ltr' id='par_1_7' title="bbox 372 2231 1450 2752">
     <span class='ocr_line' id='line_1_17' title="bbox 372 2231 1433 2321; baseline -0.007 -20"><span class='ocrx_word' id='word_1_106' title='bbox 372 2254 374 2259; x_wconf 92' lang='grc'><strong><em>·</em></strong></span> <span class='ocrx_word' id='word_1_107' title='bbox 424 2258 466 2301; x_wconf 80' lang='lat' dir='ltr'><strong>roo</strong></span> <span class='ocrx_word' id='word_1_108' title='bbox 479 2240 513 2300; x_wconf 91' lang='lat' dir='ltr'><strong>et</strong></span> <span class='ocrx_word' id='word_1_109' title='bbox 534 2235 626 2301; x_wconf 89' lang='lat' dir='ltr'><strong>uenit</strong></span> <span class='ocrx_word' id='word_1_110' title='bbox 647 2256 788 2301; x_wconf 85' lang='lat' dir='ltr'><strong>oceanus</strong></span> <span class='ocrx_word' id='word_1_111' title='bbox 810 2241 945 2321; x_wconf 87' lang='lat' dir='ltr'><strong>pontum</strong></span> <span class='ocrx_word' id='word_1_112' title='bbox 970 2234 1146 2319; x_wconf 88' lang='lat' dir='ltr'><strong>sitiensque</strong></span> <span class='ocrx_word' id='word_1_113' title='bbox 1168 2231 1303 2297; x_wconf 84' lang='lat' dir='ltr'><strong>resoluit</strong></span> <span class='ocrx_word' id='word_1_114' title='bbox 1432 2274 1433 2277; x_wconf 19' lang='grc' dir='ltr'><strong>κ</strong></span> 
     </span>
     <span class='ocr_line' id='line_1_18' title="bbox 479 2338 1433 2429; baseline -0.003 -23"><span class='ocrx_word' id='word_1_115' title='bbox 479 2362 541 2407; x_wconf 90' lang='lat' dir='ltr'><strong>nec</strong></span> <span class='ocrx_word' id='word_1_116' title='bbox 563 2363 633 2408; x_wconf 87' lang='lat' dir='ltr'><strong>sese</strong></span> <span class='ocrx_word' id='word_1_117' title='bbox 656 2343 724 2429; x_wconf 89' lang='lat' dir='ltr'><strong>ipse</strong></span> <span class='ocrx_word' id='word_1_118' title='bbox 748 2342 844 2429; x_wconf 89' lang='lat' dir='ltr'><strong>capit</strong></span> <span class='ocrx_word' id='word_1_119' title='bbox 890 2342 937 2407; x_wconf 91' lang='lat' dir='ltr'><strong>sic</strong></span> <span class='ocrx_word' id='word_1_120' title='bbox 960 2340 1123 2427; x_wconf 88' lang='lat' dir='ltr'><strong>quondam</strong></span> <span class='ocrx_word' id='word_1_121' title='bbox 1147 2344 1305 2405; x_wconf 87' lang='lat' dir='ltr'><strong>merserat</strong></span> <span class='ocrx_word' id='word_1_122' title='bbox 1326 2338 1433 2419; x_wconf 87' lang='lat' dir='ltr'><strong>urbes,</strong></span> 
     </span>
     <span class='ocr_line' id='line_1_19' title="bbox 479 2446 1253 2535; baseline -0.003 -22"><span class='ocrx_word' id='word_1_123' title='bbox 479 2448 611 2514; x_wconf 87' lang='lat' dir='ltr'><strong>humani</strong></span> <span class='ocrx_word' id='word_1_124' title='bbox 635 2450 765 2535; x_wconf 79' lang='lat' dir='ltr'><strong>generis</strong></span> <span class='ocrx_word' id='word_1_125' title='bbox 787 2470 862 2514; x_wconf 91' lang='lat' dir='ltr'><strong>cum</strong></span> <span class='ocrx_word' id='word_1_126' title='bbox 884 2448 972 2515; x_wconf 91' lang='lat' dir='ltr'><strong>solus</strong></span> <span class='ocrx_word' id='word_1_127' title='bbox 996 2448 1138 2513; x_wconf 88' lang='lat' dir='ltr'><strong>constitit</strong></span> <span class='ocrx_word' id='word_1_128' title='bbox 1159 2446 1253 2512; x_wconf 89' lang='lat' dir='ltr'><strong>heres</strong></span> 
     </span>
     <span class='ocr_line' id='line_1_20' title="bbox 481 2554 1339 2642; baseline -0.003 -21"><span class='ocrx_word' id='word_1_129' title='bbox 481 2554 664 2622; x_wconf 86' lang='lat' dir='ltr'><strong>Deucalion</strong></span> <span class='ocrx_word' id='word_1_130' title='bbox 687 2557 884 2642; x_wconf 76' lang='lat' dir='ltr'><strong>scopuloque</strong></span> <span class='ocrx_word' id='word_1_131' title='bbox 907 2556 1019 2621; x_wconf 88' lang='lat' dir='ltr'><strong>orbem</strong></span> <span class='ocrx_word' id='word_1_132' title='bbox 1043 2555 1185 2642; x_wconf 82' lang='lat' dir='ltr'><strong>possedit</strong></span> <span class='ocrx_word' id='word_1_133' title='bbox 1207 2555 1239 2619; x_wconf 95' lang='lat' dir='ltr'><strong>in</strong></span> <span class='ocrx_word' id='word_1_134' title='bbox 1265 2573 1339 2619; x_wconf 92' lang='lat' dir='ltr'><strong>uno.</strong></span> 
     </span>
     <span class='ocr_line' id='line_1_21' title="bbox 481 2660 1450 2752; baseline -0.006 -23"><span class='ocrx_word' id='word_1_135' title='bbox 481 2684 543 2729; x_wconf 89' lang='lat' dir='ltr'><strong>neo</strong></span> <span class='ocrx_word' id='word_1_136' title='bbox 565 2685 641 2747; x_wconf 88' lang='lat' dir='ltr'><strong>non,</strong></span> <span class='ocrx_word' id='word_1_137' title='bbox 665 2686 739 2730; x_wconf 93' lang='lat' dir='ltr'><strong>cum</strong></span> <span class='ocrx_word' id='word_1_138' title='bbox 762 2665 885 2752; x_wconf 88' lang='lat' dir='ltr'><strong>patrias</strong></span> <span class='ocrx_word' id='word_1_139' title='bbox 907 2662 1077 2730; x_wconf 90' lang='lat' dir='ltr'><strong>Phaethon</strong></span> <span class='ocrx_word' id='word_1_140' title='bbox 1100 2662 1272 2750; x_wconf 90' lang='lat' dir='ltr'><strong>temptauit</strong></span> <span class='ocrx_word' id='word_1_141' title='bbox 1294 2660 1450 2741; x_wconf 85' lang='lat' dir='ltr'><strong>habenas,</strong></span> 
     </span>
    </p>

    <p class='ocr_par' dir='ltr' id='par_1_8' title="bbox 365 2771 1469 3935">
     <span class='ocr_line' id='line_1_22' title="bbox 429 2771 1307 2859; baseline -0.006 -20"><span class='ocrx_word' id='word_1_142' title='bbox 429 2793 470 2839; x_wconf 82' lang='lat' dir='ltr'><strong>aaa</strong></span> <span class='ocrx_word' id='word_1_143' title='bbox 484 2778 633 2838; x_wconf 88' lang='lat' dir='ltr'><strong>arserunt</strong></span> <span class='ocrx_word' id='word_1_144' title='bbox 655 2778 778 2859; x_wconf 83' lang='lat' dir='ltr'><strong>gentes,</strong></span> <span class='ocrx_word' id='word_1_145' title='bbox 802 2773 973 2859; x_wconf 84' lang='lat' dir='ltr'><strong>timuitque</strong></span> <span class='ocrx_word' id='word_1_146' title='bbox 996 2772 1147 2839; x_wconf 90' lang='lat' dir='ltr'><strong>incendia</strong></span> <span class='ocrx_word' id='word_1_147' title='bbox 1170 2771 1307 2853; x_wconf 82' lang='lat' dir='ltr'><strong>caelum,</strong></span> 
     </span>
     <span class='ocr_line' id='line_1_23' title="bbox 482 2878 1309 2965; baseline -0.001 -22"><span class='ocrx_word' id='word_1_148' title='bbox 482 2878 702 2965; x_wconf 80' lang='lat' dir='ltr'><strong>fugeruntque</strong></span> <span class='ocrx_word' id='word_1_149' title='bbox 724 2901 827 2946; x_wconf 89' lang='lat' dir='ltr'><strong>nouas</strong></span> <span class='ocrx_word' id='word_1_150' title='bbox 850 2879 998 2946; x_wconf 88' lang='lat' dir='ltr'><strong>ardentia</strong></span> <span class='ocrx_word' id='word_1_151' title='bbox 1021 2880 1128 2945; x_wconf 89' lang='lat' dir='ltr'><strong>sidera</strong></span> <span class='ocrx_word' id='word_1_152' title='bbox 1149 2878 1309 2958; x_wconf 88' lang='lat' dir='ltr'><strong>flammas,</strong></span> 
     </span>
     <span class='ocr_line' id='line_1_24' title="bbox 483 2986 1236 3073; baseline -0.001 -23"><span class='ocrx_word' id='word_1_153' title='bbox 483 2990 580 3072; x_wconf 87' lang='lat' dir='ltr'><strong>atque</strong></span> <span class='ocrx_word' id='word_1_154' title='bbox 602 3008 668 3054; x_wconf 90' lang='lat' dir='ltr'><strong>uno</strong></span> <span class='ocrx_word' id='word_1_155' title='bbox 691 2987 799 3053; x_wconf 85' lang='lat' dir='ltr'><strong>timuit</strong></span> <span class='ocrx_word' id='word_1_156' title='bbox 820 2988 917 3052; x_wconf 88' lang='lat' dir='ltr'><strong>condi</strong></span> <span class='ocrx_word' id='word_1_157' title='bbox 939 2994 1056 3053; x_wconf 88' lang='lat' dir='ltr'><strong>natura</strong></span> <span class='ocrx_word' id='word_1_158' title='bbox 1078 2986 1236 3073; x_wconf 89' lang='lat' dir='ltr'><strong>sepulcro.</strong></span> 
     </span>
     <span class='ocr_line' id='line_1_25' title="bbox 484 3093 1286 3181; baseline 0.001 -25"><span class='ocrx_word' id='word_1_159' title='bbox 484 3093 518 3157; x_wconf 91' lang='lat' dir='ltr'><strong>in</strong></span> <span class='ocrx_word' id='word_1_160' title='bbox 542 3098 668 3160; x_wconf 86' lang='lat' dir='ltr'><strong>tantum</strong></span> <span class='ocrx_word' id='word_1_161' title='bbox 689 3095 787 3181; x_wconf 82' lang='lat' dir='ltr'><strong>longo</strong></span> <span class='ocrx_word' id='word_1_162' title='bbox 810 3101 978 3160; x_wconf 87' lang='lat' dir='ltr'><strong>mutantur</strong></span> <span class='ocrx_word' id='word_1_163' title='bbox 1000 3101 1145 3180; x_wconf 89' lang='lat' dir='ltr'><strong>tempore</strong></span> <span class='ocrx_word' id='word_1_164' title='bbox 1169 3098 1286 3159; x_wconf 84' lang='lat' dir='ltr'><strong>cuncta</strong></span> 
     </span>
     <span class='ocr_line' id='line_1_26' title="bbox 365 3200 1445 3286; baseline -0.003 -20"><span class='ocrx_word' id='word_1_165' title='bbox 365 3236 368 3243; x_wconf 49' lang='lat'><em>1</em></span> <span class='ocrx_word' id='word_1_166' title='bbox 485 3206 582 3286; x_wconf 85' lang='lat' dir='ltr'><strong>atque</strong></span> <span class='ocrx_word' id='word_1_167' title='bbox 603 3203 721 3267; x_wconf 88' lang='lat' dir='ltr'><strong>iterum</strong></span> <span class='ocrx_word' id='word_1_168' title='bbox 744 3204 779 3267; x_wconf 94' lang='lat' dir='ltr'><strong>in</strong></span> <span class='ocrx_word' id='word_1_169' title='bbox 801 3209 904 3269; x_wconf 89' lang='lat' dir='ltr'><strong>semet</strong></span> <span class='ocrx_word' id='word_1_170' title='bbox 926 3202 1072 3267; x_wconf 88' lang='lat' dir='ltr'><strong>redeunt.</strong></span> <span class='ocrx_word' id='word_1_171' title='bbox 1120 3200 1165 3264; x_wconf 92' lang='lat' dir='ltr'><strong>sio</strong></span> <span class='ocrx_word' id='word_1_172' title='bbox 1188 3206 1333 3285; x_wconf 88' lang='lat' dir='ltr'><strong>tempore</strong></span> <span class='ocrx_word' id='word_1_173' title='bbox 1356 3205 1445 3264; x_wconf 88' lang='lat' dir='ltr'><strong>certo</strong></span> 
     </span>
     <span class='ocr_line' id='line_1_27' title="bbox 416 3308 1413 3396; baseline -0.006 -23"><span class='ocrx_word' id='word_1_174' title='bbox 416 3328 473 3388; x_wconf 52' lang='lat' dir='ltr'><strong>,aso</strong></span> <span class='ocrx_word' id='word_1_175' title='bbox 486 3308 580 3393; x_wconf 78' lang='lat' dir='ltr'><strong>sigua</strong></span> <span class='ocrx_word' id='word_1_176' title='bbox 603 3330 731 3396; x_wconf 89' lang='lat' dir='ltr'><strong>quoque</strong></span> <span class='ocrx_word' id='word_1_177' title='bbox 755 3310 907 3376; x_wconf 89' lang='lat' dir='ltr'><strong>amittunt</strong></span> <span class='ocrx_word' id='word_1_178' title='bbox 929 3309 1016 3375; x_wconf 85' lang='lat' dir='ltr'><strong>uires</strong></span> <span class='ocrx_word' id='word_1_179' title='bbox 1039 3313 1235 3394; x_wconf 90' lang='lat' dir='ltr'><strong>sumuntque</strong></span> <span class='ocrx_word' id='word_1_180' title='bbox 1257 3312 1413 3393; x_wconf 88' lang='lat' dir='ltr'><strong>receptas.</strong></span> 
     </span>
     <span class='ocr_line' id='line_1_28' title="bbox 487 3414 1385 3503; baseline -0.001 -24"><span class='ocrx_word' id='word_1_181' title='bbox 487 3435 586 3481; x_wconf 87' lang='lat' dir='ltr'><strong>causa</strong></span> <span class='ocrx_word' id='word_1_182' title='bbox 608 3423 708 3503; x_wconf 85' lang='lat' dir='ltr'><strong>patet,</strong></span> <span class='ocrx_word' id='word_1_183' title='bbox 732 3418 818 3503; x_wconf 91' lang='lat' dir='ltr'><strong>quod</strong></span> <span class='ocrx_word' id='word_1_184' title='bbox 841 3418 920 3482; x_wconf 88' lang='lat' dir='ltr'><strong>luna</strong></span> <span class='ocrx_word' id='word_1_185' title='bbox 942 3416 1059 3503; x_wconf 92' lang='lat' dir='ltr'><strong>quibus</strong></span> <span class='ocrx_word' id='word_1_186' title='bbox 1083 3415 1202 3480; x_wconf 83' lang='lat' dir='ltr'><strong>defecit</strong></span> <span class='ocrx_word' id='word_1_187' title='bbox 1223 3414 1257 3479; x_wconf 87' lang='lat' dir='ltr'><strong>ih</strong></span> <span class='ocrx_word' id='word_1_188' title='bbox 1281 3415 1385 3496; x_wconf 88' lang='lat' dir='ltr'><strong>astris,</strong></span> 
     </span>
     <span class='ocr_line' id='line_1_29' title="bbox 488 3523 1306 3611; baseline 0.001 -24"><span class='ocrx_word' id='word_1_189' title='bbox 488 3523 568 3590; x_wconf 89' lang='lat' dir='ltr'><strong>orba</strong></span> <span class='ocrx_word' id='word_1_190' title='bbox 590 3526 641 3590; x_wconf 91' lang='lat' dir='ltr'><strong>sui</strong></span> <span class='ocrx_word' id='word_1_191' title='bbox 663 3524 772 3592; x_wconf 82' lang='lat' dir='ltr'><strong>fratris</strong></span> <span class='ocrx_word' id='word_1_192' title='bbox 794 3526 964 3611; x_wconf 88' lang='lat' dir='ltr'><strong>noctisque</strong></span> <span class='ocrx_word' id='word_1_193' title='bbox 987 3526 1129 3589; x_wconf 84' lang='lat' dir='ltr'><strong>inmersa</strong></span> <span class='ocrx_word' id='word_1_194' title='bbox 1152 3523 1306 3607; x_wconf 86' lang='lat' dir='ltr'><strong>tenebris,</strong></span> 
     </span>
     <span class='ocr_line' id='line_1_30' title="bbox 488 3632 1412 3718; baseline 0.003 -24"><span class='ocrx_word' id='word_1_195' title='bbox 488 3650 563 3695; x_wconf 89' lang='lat' dir='ltr'><strong>cum</strong></span> <span class='ocrx_word' id='word_1_196' title='bbox 585 3632 710 3698; x_wconf 90' lang='lat' dir='ltr'><strong>modios</strong></span> <span class='ocrx_word' id='word_1_197' title='bbox 731 3632 857 3699; x_wconf 92' lang='lat' dir='ltr'><strong>Phoebi</strong></span> <span class='ocrx_word' id='word_1_198' title='bbox 880 3632 989 3699; x_wconf 89' lang='lat' dir='ltr'><strong>radios</strong></span> <span class='ocrx_word' id='word_1_199' title='bbox 1012 3632 1175 3718; x_wconf 81' lang='lat' dir='ltr'><strong>intercipit</strong></span> <span class='ocrx_word' id='word_1_200' title='bbox 1196 3632 1294 3713; x_wconf 86' lang='lat' dir='ltr'><strong>orbis,</strong></span> <span class='ocrx_word' id='word_1_201' title='bbox 1387 3689 1388 3695; x_wconf 71' lang='grc'>,</span> <span class='ocrx_word' id='word_1_202' title='bbox 1411 3649 1412 3653; x_wconf 74' lang='grc'>’</span> 
     </span>
     <span class='ocr_line' id='line_1_31' title="bbox 489 3739 1385 3827; baseline 0.002 -24"><span class='ocrx_word' id='word_1_203' title='bbox 489 3759 550 3804; x_wconf 87' lang='lat' dir='ltr'><strong>nec</strong></span> <span class='ocrx_word' id='word_1_204' title='bbox 571 3739 671 3805; x_wconf 91' lang='lat' dir='ltr'><strong>trahit</strong></span> <span class='ocrx_word' id='word_1_205' title='bbox 693 3741 735 3806; x_wconf 92' lang='lat' dir='ltr'><strong>ad</strong></span> <span class='ocrx_word' id='word_1_206' title='bbox 758 3762 793 3805; x_wconf 88' lang='lat' dir='ltr'><strong>se</strong></span> <span class='ocrx_word' id='word_1_207' title='bbox 816 3747 895 3815; x_wconf 91' lang='lat' dir='ltr'><strong>tum,</strong></span> <span class='ocrx_word' id='word_1_208' title='bbox 920 3762 983 3827; x_wconf 95' lang='lat' dir='ltr'><strong>quo</strong></span> <span class='ocrx_word' id='word_1_209' title='bbox 1007 3740 1121 3827; x_wconf 75' lang='lat' dir='ltr'><strong>fulget,</strong></span> <span class='ocrx_word' id='word_1_210' title='bbox 1145 3739 1242 3805; x_wconf 91' lang='lat' dir='ltr'><strong>Delia</strong></span> <span class='ocrx_word' id='word_1_211' title='bbox 1263 3741 1385 3822; x_wconf 90' lang='lat' dir='ltr'><strong>lumen,</strong></span> 
     </span>
     <span class='ocr_line' id='line_1_32' title="bbox 436 3846 1469 3935; baseline -0.003 -22"><span class='ocrx_word' id='word_1_212' title='bbox 436 3846 571 3913; x_wconf 76' lang='lat' dir='ltr'><strong>oohaac</strong></span> <span class='ocrx_word' id='word_1_213' title='bbox 593 3869 722 3934; x_wconf 91' lang='lat' dir='ltr'><strong>quoque</strong></span> <span class='ocrx_word' id='word_1_214' title='bbox 746 3848 839 3933; x_wconf 76' lang='lat' dir='ltr'><strong>signa</strong></span> <span class='ocrx_word' id='word_1_215' title='bbox 862 3870 920 3914; x_wconf 91' lang='lat' dir='ltr'><strong>suo</strong></span> <span class='ocrx_word' id='word_1_216' title='bbox 944 3849 1065 3935; x_wconf 83' lang='lat' dir='ltr'><strong>pariter</strong></span> <span class='ocrx_word' id='word_1_217' title='bbox 1087 3871 1160 3915; x_wconf 87' lang='lat' dir='ltr'><strong>eum</strong></span> <span class='ocrx_word' id='word_1_218' title='bbox 1184 3850 1288 3914; x_wconf 91' lang='lat' dir='ltr'><strong>sidere</strong></span> <span class='ocrx_word' id='word_1_219' title='bbox 1311 3848 1469 3933; x_wconf 88' lang='lat' dir='ltr'><strong>languent</strong></span> 
     </span>
    </p>
   </div>
   <div class='ocr_carea' id='block_1_4' title="bbox 329 4038 1649 4803">
    <p class='ocr_par' dir='ltr' id='par_1_9' title="bbox 329 4038 1649 4803">
     <span class='ocr_line' id='line_1_33' title="bbox 437 4038 1648 4114; baseline -0.002 -17"><span class='ocrx_word' id='word_1_220' title='bbox 437 4041 491 4097; x_wconf 87' lang='grc'><strong>816</strong></span> <span class='ocrx_word' id='word_1_221' title='bbox 509 4041 547 4098; x_wconf 80' lang='lat' dir='ltr'><strong>sic</strong></span> <span class='ocrx_word' id='word_1_222' title='bbox 557 4045 612 4098; x_wconf 82' lang='lat' dir='ltr'><strong>cto</strong></span> <span class='ocrx_word' id='word_1_223' title='bbox 626 4072 658 4081; x_wconf 99' lang='lat'>-</span> <span class='ocrx_word' id='word_1_224' title='bbox 672 4042 741 4099; x_wconf 84' lang='lat' dir='ltr'><strong>ante</strong></span> <span class='ocrx_word' id='word_1_225' title='bbox 754 4046 807 4100; x_wconf 83' lang='grc'><strong>818</strong></span> <span class='ocrx_word' id='word_1_226' title='bbox 820 4042 865 4099; x_wconf 84' lang='lat' dir='ltr'><strong>Dc</strong></span> <span class='ocrx_word' id='word_1_227' title='bbox 876 4042 1002 4113; x_wconf 53' lang='lat' dir='ltr'><strong>dardeis</strong></span> <span class='ocrx_word' id='word_1_228' title='bbox 1013 4043 1096 4114; x_wconf 64' lang='lat' dir='ltr'><strong>spec</strong></span> <span class='ocrx_word' id='word_1_229' title='bbox 1107 4058 1148 4113; x_wconf 80' lang='lat' dir='ltr'><strong>gc</strong></span> <span class='ocrx_word' id='word_1_230' title='bbox 1166 4042 1198 4097; x_wconf 80' lang='lat' dir='ltr'><strong>dc</strong></span> <span class='ocrx_word' id='word_1_231' title='bbox 1209 4039 1359 4111; x_wconf 74' lang='lat' dir='ltr'><strong>ecliptictol</strong></span> <span class='ocrx_word' id='word_1_232' title='bbox 1376 4040 1418 4107; x_wconf 89' lang='lat' dir='ltr'><strong>(iu</strong></span> <span class='ocrx_word' id='word_1_233' title='bbox 1433 4038 1536 4109; x_wconf 80' lang='lat' dir='ltr'><strong>marg.)</strong></span> <span class='ocrx_word' id='word_1_234' title='bbox 1557 4038 1648 4095; x_wconf 64' lang='grc' dir='ltr'><strong>ΒΕΓ</strong></span> 
     </span>
     <span class='ocr_line' id='line_1_34' title="bbox 329 4136 1644 4212; baseline -0.002 -17"><span class='ocrx_word' id='word_1_235' title='bbox 329 4136 445 4207; x_wconf 64' lang='lat' dir='ltr'><strong>aliptae</strong></span> <span class='ocrx_word' id='word_1_236' title='bbox 469 4139 553 4211; x_wconf 73' lang='lat' dir='ltr'><strong>ripato</strong></span> <span class='ocrx_word' id='word_1_237' title='bbox 569 4155 598 4195; x_wconf 95' lang='lat' dir='ltr'><strong>m</strong></span> <span class='ocrx_word' id='word_1_238' title='bbox 626 4141 669 4209; x_wconf 89' lang='lat' dir='ltr'><strong>(in</strong></span> <span class='ocrx_word' id='word_1_239' title='bbox 688 4142 792 4212; x_wconf 80' lang='lat' dir='ltr'><strong>marg.)</strong></span> <span class='ocrx_word' id='word_1_240' title='bbox 818 4172 854 4181; x_wconf 93' lang='lat'>-</span> <span class='ocrx_word' id='word_1_241' title='bbox 881 4144 935 4199; x_wconf 80' lang='lat'><strong>820</strong></span> <span class='ocrx_word' id='word_1_242' title='bbox 962 4159 1018 4199; x_wconf 79' lang='lat' dir='ltr'><strong>aon</strong></span> <span class='ocrx_word' id='word_1_243' title='bbox 1041 4157 1170 4212; x_wconf 59' lang='lat' dir='ltr'><strong>omnum</strong></span> <span class='ocrx_word' id='word_1_244' title='bbox 1189 4155 1217 4196; x_wconf 89' lang='lat' dir='ltr'><strong>m</strong></span> <span class='ocrx_word' id='word_1_245' title='bbox 1247 4168 1279 4178; x_wconf 89' lang='lat'><em>-</em></span> <span class='ocrx_word' id='word_1_246' title='bbox 1309 4140 1360 4195; x_wconf 80' lang='lat'><strong>821</strong></span> <span class='ocrx_word' id='word_1_247' title='bbox 1389 4137 1510 4193; x_wconf 80' lang='lat' dir='ltr'><strong>inmenso</strong></span> <span class='ocrx_word' id='word_1_248' title='bbox 1527 4153 1581 4207; x_wconf 85' lang='lat' dir='ltr'><strong>gru</strong></span> <span class='ocrx_word' id='word_1_249' title='bbox 1610 4168 1644 4177; x_wconf 90' lang='lat'>—</span> 
     </span>
     <span class='ocr_line' id='line_1_35' title="bbox 331 4233 1645 4307; baseline -0.001 -16"><span class='ocrx_word' id='word_1_250' title='bbox 331 4236 385 4291; x_wconf 72' lang='lat'><strong>822</strong></span> <span class='ocrx_word' id='word_1_251' title='bbox 400 4238 516 4293; x_wconf 64' lang='lat' dir='ltr'><strong>tuorem</strong></span> <span class='ocrx_word' id='word_1_252' title='bbox 527 4252 544 4293; x_wconf 97' lang='lat' dir='ltr'><strong>o</strong></span> <span class='ocrx_word' id='word_1_253' title='bbox 557 4268 590 4277; x_wconf 93' lang='lat'><em>-</em></span> <span class='ocrx_word' id='word_1_254' title='bbox 603 4240 657 4295; x_wconf 67' lang='lat'><strong>823</strong></span> <span class='ocrx_word' id='word_1_255' title='bbox 669 4242 899 4296; x_wconf 66' lang='lat' dir='ltr'><strong>aamercort.</strong></span> <span class='ocrx_word' id='word_1_256' title='bbox 913 4256 949 4295; x_wconf 83' lang='lat' dir='ltr'><strong>ex</strong></span> <span class='ocrx_word' id='word_1_257' title='bbox 960 4240 1142 4297; x_wconf 67' lang='lat' dir='ltr'><strong>mittentem</strong></span> <span class='ocrx_word' id='word_1_258' title='bbox 1156 4238 1230 4294; x_wconf 81' lang='lat' dir='ltr'><strong>diuo</strong></span> <span class='ocrx_word' id='word_1_259' title='bbox 1244 4264 1279 4275; x_wconf 96' lang='lat'><strong>—</strong></span> <span class='ocrx_word' id='word_1_260' title='bbox 1295 4238 1348 4293; x_wconf 74' lang='grc'><strong>825</strong></span> <span class='ocrx_word' id='word_1_261' title='bbox 1360 4237 1430 4306; x_wconf 76' lang='lat' dir='ltr'><strong>escta</strong></span> <span class='ocrx_word' id='word_1_262' title='bbox 1440 4252 1467 4291; x_wconf 92' lang='lat' dir='ltr'><strong>m</strong></span> <span class='ocrx_word' id='word_1_263' title='bbox 1485 4233 1596 4307; x_wconf 67' lang='lat' dir='ltr'><strong>effoeto}</strong></span> <span class='ocrx_word' id='word_1_264' title='bbox 1611 4266 1645 4274; x_wconf 97' lang='lat'><em>-</em></span> 
     </span>
     <span class='ocr_line' id='line_1_36' title="bbox 333 4328 1644 4405; baseline -0.001 -15"><span class='ocrx_word' id='word_1_265' title='bbox 333 4331 1182 4396; x_wconf 60' lang='lat' dir='ltr'><strong>ammcmbltemm-aaomstomoasto</strong></span> <span class='ocrx_word' id='word_1_266' title='bbox 1206 4364 1238 4373; x_wconf 87' lang='lat'>—</span> <span class='ocrx_word' id='word_1_267' title='bbox 1262 4328 1385 4391; x_wconf 71' lang='grc' dir='ltr'><strong>831οι”θ</strong></span> <span class='ocrx_word' id='word_1_268' title='bbox 1408 4333 1644 4405; x_wconf 80' lang='lat' dir='ltr'><strong>ipseiecipocm</strong></span> 
     </span>
     <span class='ocr_line' id='line_1_37' title="bbox 332 4426 1649 4508; baseline 0.001 -21"><span class='ocrx_word' id='word_1_269' title='bbox 332 4426 430 4489; x_wconf 69' lang='lat' dir='ltr'><strong>wbc&#39;l</strong></span> <span class='ocrx_word' id='word_1_270' title='bbox 448 4434 556 4494; x_wconf 72' lang='lat' dir='ltr'><strong>urbem</strong></span> <span class='ocrx_word' id='word_1_271' title='bbox 580 4439 701 4508; x_wconf 67' lang='lat' dir='ltr'><strong>orbm</strong></span> <span class='ocrx_word' id='word_1_272' title='bbox 723 4438 829 4494; x_wconf 72' lang='lat' dir='ltr'><strong>orbeca</strong></span> <span class='ocrx_word' id='word_1_273' title='bbox 848 4466 882 4476; x_wconf 89' lang='lat'>—</span> <span class='ocrx_word' id='word_1_274' title='bbox 900 4429 1096 4507; x_wconf 63' lang='lat' dir='ltr'><strong>ammoth}</strong></span> <span class='ocrx_word' id='word_1_275' title='bbox 1115 4468 1149 4477; x_wconf 88' lang='lat'><strong>-</strong></span> <span class='ocrx_word' id='word_1_276' title='bbox 1172 4435 1225 4492; x_wconf 73' lang='lat'><strong>835</strong></span> <span class='ocrx_word' id='word_1_277' title='bbox 1243 4426 1410 4490; x_wconf 61' lang='lat' dir='ltr'><strong>fflmntm</strong></span> <span class='ocrx_word' id='word_1_278' title='bbox 1431 4462 1463 4471; x_wconf 91' lang='lat'><em>-</em></span> <span class='ocrx_word' id='word_1_279' title='bbox 1482 4434 1534 4489; x_wconf 70' lang='lat'><strong>887</strong></span> <span class='ocrx_word' id='word_1_280' title='bbox 1555 4431 1649 4488; x_wconf 73' lang='lat' dir='ltr'><strong>timuit</strong></span> 
     </span>
     <span class='ocr_line' id='line_1_38' title="bbox 335 4526 1645 4607; baseline -0.003 -18"><span class='ocrx_word' id='word_1_281' title='bbox 335 4526 1645 4607; x_wconf 64' lang='lat' dir='ltr'><strong>coraexttneomsspouarolm—saamuctarltemporeo-aomoodssoeeritm-</strong></span> 
     </span>
     <span class='ocr_line' id='line_1_39' title="bbox 335 4617 1647 4701; baseline -0.001 -13"><span class='ocrx_word' id='word_1_282' title='bbox 335 4619 817 4693; x_wconf 60' lang='lat' dir='ltr'><strong>wamia-aconita</strong></span> <span class='ocrx_word' id='word_1_283' title='bbox 840 4632 978 4689; x_wconf 69' lang='lat' dir='ltr'><strong>aotts&#39;m</strong></span> <span class='ocrx_word' id='word_1_284' title='bbox 1001 4632 1066 4687; x_wconf 84' lang='lat' dir='ltr'><strong>odo</strong></span> <span class='ocrx_word' id='word_1_285' title='bbox 1088 4617 1200 4688; x_wconf 63' lang='lat' dir='ltr'><strong>cedomi</strong></span> <span class='ocrx_word' id='word_1_286' title='bbox 1222 4631 1480 4701; x_wconf 77' lang='lat' dir='ltr'><strong>cecomgocteac</strong></span> <span class='ocrx_word' id='word_1_287' title='bbox 1502 4635 1647 4689; x_wconf 69' lang='lat' dir='ltr'><strong>cortmm</strong></span> 
     </span>
     <span class='ocr_line' id='line_1_40' title="bbox 335 4728 1036 4803; baseline -0.003 -17"><span class='ocrx_word' id='word_1_288' title='bbox 335 4728 1036 4803; x_wconf 54' lang='lat' dir='ltr'><strong>tamnaco-wammam.</strong></span> 
     </span>
    </p>
   </div>
   <div class='ocr_carea' id='block_1_5' title="bbox 0 0 1836 5259">
    <p class='ocr_par' dir='ltr' id='par_1_10' title="bbox 0 0 1836 5259">
     <span class='ocr_line' id='line_1_41' title="bbox 0 0 1836 5259; baseline 0 0"><span class='ocrx_word' id='word_1_289' title='bbox 0 0 1836 5259; x_wconf 95' lang='lat' dir='ltr'><strong> </strong></span> 
     </span>
    </p>
   </div>
  </div>
 </body>
</html>
