3642 5259
775 377 861 435 Liber
880 378 900 433 Ι.
939 379 1089 434 220-252.

378 621 418 662 ree
432 597 575 683 eripiunt
597 602 703 660 terrae
728 594 853 659 eaelum
877 594 1032 679 nisusque
1056 594 1237 659 eehereent.

431 709 462 768 te
487 709 601 769 testem
625 703 691 783 det,
714 703 802 782 lune,
827 703 877 765 sui
900 700 1144 786 glomeraminis
1166 700 1265 783 erbis,

431 832 514 897 quae
538 832 612 875 eum
636 831 743 874 mersa
767 810 868 893 nigris
891 829 950 895 per
973 814 1102 874 nectem
1124 808 1237 873 definis
1260 809 1395 889 umbris,

431 940 496 984 nen
521 918 625 982 omnis
648 918 771 1003 pariter
795 916 967 981 confundis
989 916 1097 981 sidere
1119 922 1243 1002 gentes,

432 1025 489 1090 sed
512 1026 602 1113 prius
626 1046 706 1089 eoae
729 1031 890 1110 quaerunt
915 1030 971 1089 tua
993 1024 1258 1105 luminatorem,

375 1156 415 1197 222
425 1135 511 1214 post,
535 1130 643 1195 naedie
666 1127 815 1194 subiecta
833 1129 911 1212 pole
936 1148 1161 1212 quaecumque
1185 1128 1350 1211 celantur,

323 1306 324 1309 ,
430 1238 551 1305 atttima
576 1239 619 1303 ad
643 1236 807 1323 hesperios
830 1236 966 1319 infectis
988 1236 1138 1304 uolueras
1162 1236 1236 1318 alis,

431 1370 567 1435 seraque
590 1349 625 1415 iu
648 1347 801 1413 extremis
825 1348 1015 1433 quatiuntur
1028 1349 1189 1433 -geutibus
1212 1369 1299 1413 aera.

431 1457 547 1542 quodsi
568 1457 668 1543 plane
690 1456 773 1523 ieret
795 1457 901 1539 tellus,
926 1457 1028 1521 semel
1050 1462 1122 1522 erte
1137 1476 1203 1542 per
1227 1476 1356 1521 omnem

431 1566 583 1632 defieeret
605 1566 727 1651 pariter
750 1566 808 1633 toti
832 1564 1026 1633 miserabilis
1050 1566 1130 1630 orbi.

377 1696 418 1739 aaa
432 1673 487 1738 sed
511 1674 588 1759 quia
610 1693 669 1759 per
692 1678 827 1739 teretem
850 1672 990 1737 deducta
1013 1678 1064 1737 est
1085 1679 1173 1737 terra
1196 1678 1366 1753 tumerem,

432 1782 481 1846 his
506 1780 612 1862 modo,
636 1785 711 1867 pest
735 1780 799 1847 illis
821 1787 959 1866 apparet
976 1779 1078 1845 >Delie
1101 1780 1195 1845 terris

431 1889 578 1954 exoriens
602 1888 698 1954 simul
721 1894 819 1974 atque
843 1888 978 1968 eadens;
1002 1887 1080 1974 quia
1101 1886 1206 1953 fertur
1228 1888 1263 1952 in
1287 1886 1400 1951 orbem

432 1997 554 2061 uentris
579 2002 611 2060 et
633 1995 767 2061 aeeliuis
789 1995 913 2081 pariter
936 1994 1075 2061 deeliuia
1097 1995 1204 2081 iungit

430 2110 527 2188 atque
552 2103 632 2168 alies
656 2109 788 2189 superet
810 2124 906 2190 gyros
928 2104 1075 2189 aliosque
1098 2102 1262 2187 relinquit.

378 2233 418 2275 ess
432 2228 475 2272 ex
498 2229 565 2290 quo
589 2206 758 2291 eolliqitar
782 2212 952 2273 terraram
974 2207 1085 2290 ferma
1106 2206 1254 2273 rotunda

429 2317 514 2382 hane
538 2319 659 2383 eireum
683 2318 797 2383 uariae
820 2323 933 2403 gentes
956 2317 1126 2383 hominum
1148 2322 1247 2402 etque
1264 2314 1414 2382 -ierarum

430 2423 603 2509 aeriaeque
627 2425 737 2493 colunt
760 2424 918 2491 uolueras.
966 2445 1041 2510 pare
1065 2422 1200 2491 eiusad
1223 2428 1330 2487 arctos

428 2531 558 2614 eminet,
583 2532 735 2599 austrinis
758 2552 835 2618 pars
858 2539 908 2597 est
930 2530 1117 2597 habitabilis
1141 2530 1206 2597 oris
1314 2596 1317 2601 .

428 2639 489 2704 sub
511 2639 712 2726 pedibusque
735 2641 821 2706 inest
844 2640 962 2707 uestris
985 2659 1147 2727 supraque
1170 2638 1301 2707 uidetur

376 2771 417 2813 222
431 2736 500 2833 ipsi
523 2748 585 2814 sibi
609 2747 741 2813 fallente
765 2748 834 2813 sole
858 2748 999 2813 decliuia
1020 2746 1121 2832 longa

430 2862 462 2919 et
484 2856 607 2941 pariter
630 2864 782 2940 surgente
806 2856 861 2920 uia
884 2856 1069 2941 pariterque
1094 2854 1240 2923 cadente.

429 2962 513 3027 hene
537 2963 593 3029 ubi
617 2963 658 3027 ad
682 2983 815 3027 oeeasus
839 2965 970 3027 uestros
993 2963 1042 3027 sel
1067 2962 1183 3048 aspieit
1205 2968 1307 3042 ortus,
1410 3034 1413 3041 ,

430 3069 495 3133 illie
519 3076 590 3135 erte
613 3070 682 3133 dies
705 3070 826 3154 sopitas
850 3069 971 3133 excitat
993 3070 1090 3134 urbes

428 3183 461 3241 et
483 3197 556 3241 eum
579 3177 653 3241 luee
676 3177 777 3241 refert
801 3196 936 3262 operum
960 3175 1149 3242 uadimonia
1172 3178 1282 3256 terris3

376 3308 415 3349 aa
432 3305 489 3348 nos
512 3284 545 3348 in
570 3288 666 3349 noete
690 3305 802 3348 sumus
826 3304 1023 3369 somnosque
1044 3284 1079 3349 in
1102 3284 1250 3353 membre
1273 3306 1437 3351 uocemue.

430 3397 547 3477 pentus
573 3397 726 3477 utresque
750 3392 817 3458 suis
841 3390 1011 3475 distinguit
1033 3398 1067 3456 et
1088 3391 1204 3478 alligat
1225 3392 1331 3459 undis.

484 3499 546 3564 hee
569 3520 650 3585 opus
673 3499 813 3564 inmensi
836 3504 1057 3565 constructum
1080 3521 1216 3587 eorpore
1238 3501 1351 3567 mundi

430 3607 641 3692 membraque
665 3612 801 3673 naturae
824 3608 955 3671 diuersa
979 3608 1108 3674 condita
1131 3606 1236 3674 ferma

431 3710 519 3777 aeris
544 3716 642 3794 atque
665 3710 754 3796 ipsis
779 3703 906 3786 terrr'ae
924 3710 1104 3797 pelapique
1125 3712 1267 3779 iaceatis

376 3844 417 3886 em
431 3822 481 3885 uis
504 3822 633 3887 animae
655 3822 769 3887 diuina
790 3823 885 3908 regit,
910 3843 1068 3909 saeroque
1091 3829 1201 3891 meatu

431 3929 595 4015 conspirat
610 3930 697 3995 .deus
720 3936 753 3993 et
776 3932 874 3995 taeita
897 3932 1024 3997 ratione
1047 3933 1208 4017 gubernat
1242 4017 1245 4021 ι

432 4042 608 4123 mutuaque
631 4038 665 4102 in
690 4044 822 4103 cunetas
845 4038 1010 4124 dispensat
1034 4040 1167 4106 foedere
1190 4048 1308 4126 partes,

376 4200 594 4271 2202122222
613 4216 735 4271 armat
749 4230 775 4269 m
796 4216 933 4271 mitescent
946 4231 986 4286 ge
1000 4244 1033 4254 «-
1048 4219 1097 4272 221
1116 4220 1303 4288 quassate
1315 4233 1332 4273 ο
1346 4247 1379 4255 -
1393 4220 1445 4273 222
1461 4220 1584 4288 anseg

270 4316 361 4384 deficit
373 4330 395 4366 u
415 4342 447 4351 -
469 4314 521 4369 223
534 4315 713 4383 mnfaediag
731 4315 876 4383 mnfmsdit
889 4330 910 4366 ω
930 4344 963 4353 -
983 4318 1051 4384 pest
1069 4317 1121 4370 223
1141 4315 1232 4371 habet
1251 4332 1266 4371 e
1290 4318 1350 4371 226.
1371 4316 1431 4371 225.
1450 4318 1511 4372 224.
1531 4318 1582 4371 227

269 4412 298 4467 in
324 4412 335 4466 1
359 4411 494 4481 adpictae
519 4414 587 4469 suut
611 4411 728 4469 litterae
740 4412 809 4511 s‘id'
829 4442 862 4449 —
886 4414 939 4467 224
960 4414 1063 4468 lamiae
1081 4418 1210 4482 pestes
1242 4443 1271 4451 -
1300 4416 1353 4469 227
1375 4428 1522 4484 meque
1549 4443 1582 4452 -

269 4512 322 4567 228
330 4511 436 4569 senato
448 4540 480 4547 -
490 4512 542 4566 229
558 4512 705 4580 delicereto
721 4509 792 4567 total
803 4514 852 4566 teti
860 4526 914 4580 gm
924 4516 1002 4566 tetec
1012 4541 1045 4549 -
1056 4512 1109 4568 233
1118 4513 1255 4568 aestinatae
1266 4540 1298 4549 —
1309 4512 1362 4567 235
1372 4516 1511 4567 terraram
1521 4526 1538 4566 ο
1549 4541 1582 4548 -

269 4608 451 4690 2382225122]
472 4609 697 4678 aregenses
720 4644 755 4651 -
779 4606 1055 4679 aeternaequae
1074 4610 1521 4679 lmeaemneaiagloeamree
1548 4638 1583 4649 -—

270 4708 319 4763 251
342 4693 457 4767 initam
478 4738 510 4747 -
530 4708 582 4763 252
606 4696 627 4729 ⁰²
642 4708 732 4763 malta
746 4722 773 4764 m
794 4712 819 4763 et
837 4708 928 4762 matta
946 4707 1003 4776 ige
1017 4713 1113 4778 panea
1125 4722 1151 4763 0.
