3642 5259
805 362 891 420 Liber
910 362 958 421 ΙΙΙ.
996 366 1146 421 uso—405.

424 604 464 649 sco
478 574 672 666 adducitque
695 580 790 644 simul
813 580 902 645 luces
925 581 1139 667 tenebrasque
1163 582 1317 669 relinquit

478 688 648 770 sideribus,
671 687 773 753 donee
797 688 930 753 totidem
954 690 1219 774 quotmensibus
1243 691 1324 756 actis

478 801 619 862 cesserat
640 796 736 879 unde,
760 795 845 861 redit
867 797 1078 882 geminasque
1102 798 1248 863 ascendit
1270 798 1311 864 ad
1335 805 1449 865 arctos.

477 906 531 969 hic
554 905 643 970 locus
666 904 700 968 iu
723 904 816 969 binas
840 924 962 968 ennom
985 910 1160 991 noctesque
1183 905 1317 991 diesque

476 1033 535 1097 per
557 1012 621 1076 duo
642 1011 780 1097 partitae
804 1011 927 1076 dirimit
949 1010 1089 1077 diuortia
1112 1020 1227 1077 terrae.

423 1144 463 1187 eas
531 1126 562 1183 et
585 1120 737 1204 quoniam
761 1124 881 1203 quanto
907 1118 1074 1184 uariantur
1097 1126 1243 1207 tempora
1266 1126 1354 1186 motu

476 1233 509 1291 et
531 1226 648 1314 quibus
672 1247 690 1289 e
714 1223 830 1308 causis,
854 1225 976 1291 dietum
1001 1232 1059 1309 est,
1082 1248 1168 1291 nune
1192 1228 1313 1314 accipe,
1337 1229 1430 1314 sigua
1533 1302 1534 1308 ἵ

478 1340 555 1420 quot
579 1339 714 1418 surgent
735 1333 770 1397 in
793 1353 922 1419 quoque
946 1334 1016 1398 loco
1040 1333 1220 1420 cedantque
1243 1356 1302 1421 per
1325 1335 1430 1421 horas,

475 1440 622 1529 portibus
646 1447 682 1504 ut
702 1439 819 1525 prendi
841 1439 966 1525 possint
989 1440 1125 1527 orientia
1147 1440 1254 1523 certis,

479 1571 520 1615 ne
543 1549 644 1614 falsus
668 1548 768 1612 dubio
791 1548 915 1612 ratione
938 1547 1133 1633 horoscopon
1157 1556 1252 1613 erret.

422 1680 463 1725 eso
477 1664 573 1743 atque
597 1657 658 1720 hoe
681 1655 715 1719 in
738 1660 841 1720 totum
865 1660 954 1719 certa
977 1656 1037 1721 sub
1060 1655 1132 1741 lege
1155 1657 1356 1741 sequendum
1378 1666 1441 1739 est3

476 1764 605 1849 singula
627 1762 714 1849 quod
737 1768 903 1849 nequeunt
925 1784 984 1848 per
1006 1770 1053 1828 tot
1075 1764 1228 1829 distantia
1252 1771 1358 1830 motus

475 1870 674 1957 temporibus
696 1870 905 1956 numerisque
929 1872 996 1935 suis
1020 1878 1132 1936 exacte
1155 1872 1280 1947 referri,

475 2001 570 2045 ome
593 1985 700 2044 sumat
721 1980 797 2057 iter3
820 1978 960 2063 positum
985 1979 1046 2043 sibi
1070 1980 1206 2064 quisque
1230 1988 1384 2065 sequetur

475 2107 598 2175 perque
620 2107 695 2151 suos
717 2086 829 2150 tendat
851 2106 997 2170 gressus3
1021 2086 1099 2151 mihi
1122 2087 1238 2152 debeat
1261 2094 1373 2153 artem.

420 2219 461 2262 ses
475 2214 679 2282 quacumque
702 2194 763 2259 hoc
787 2201 878 2278 parte
902 2194 935 2257 in
960 2200 1118 2259 terrarum
1144 2195 1279 2280 quisque
1302 2196 1454 2280 requiret,

474 2303 613 2368 deducet
634 2301 782 2387 proprias
804 2306 997 2388 noctemque
1021 2302 1172 2388 diemque
1196 2323 1254 2388 per
1276 2304 1383 2385 horas,

356 2472 364 2489 ,
474 2411 616 2475 maximo
639 2408 699 2475 sub
722 2430 839 2473 cancro
863 2410 1005 2474 minimis
1030 2432 1114 2495 quae
1137 2410 1276 2497 cingitur
1299 2412 1437 2493 umbris3

472 2525 505 2584 et
527 2524 651 2583 sextam
676 2537 832 2598 summae,
856 2518 956 2581 fuerit
979 2538 1062 2602 quae
1086 2517 1179 2600 sorte,
1203 2518 1338 2584 diurnae
1363 2530 1369 2541 ·

474 2626 582 2691 uicino
606 2624 727 2689 tribuat
749 2630 822 2710 post
845 2625 953 2689 cancri
977 2626 1098 2711 templa
1121 2626 1223 2705 leoni3

419 2758 461 2800 sm
475 2740 508 2798 at
531 2754 614 2819 quae
637 2733 803 2800 nocturnis
826 2732 925 2798 fuerit
949 2754 1101 2799 mensura
1123 2734 1277 2815 tenebris,

473 2843 507 2906 in
531 2840 664 2906 totidem
688 2846 796 2925 partes
819 2841 916 2905 simili
940 2842 1064 2905 ratione
1088 2840 1228 2905 seoauds
1251 2847 1309 2923 est,

473 2956 518 3026 ut,
543 2952 699 3034 quantum
723 2968 790 3012 une
811 2946 904 3029 ierat,
929 2955 1053 3013 tautum
1078 2949 1237 3013 tribuetur
1262 2947 1415 3014 adortus

473 3055 628 3141 temporis
651 3076 766 3120 auerso
789 3057 933 3121 nascenti
958 3056 1062 3121 sidere
1085 3063 1193 3135 teur03

474 3164 534 3228 has
556 3164 641 3228 inter
663 3183 808 3249 quasque
832 3164 969 3250 accipiet
991 3163 1173 3229 Nemeaeus
1197 3164 1230 3228 in
1254 3164 1351 3229 horas

420 3270 560 3357 mequod
585 3271 756 3336 discrimen
781 3272 851 3354 erit,
875 3293 934 3358 per
957 3273 1015 3337 tris
1037 3271 1071 3336 id
1095 3272 1204 3336 diuide
1227 3278 1346 3357 partes,

419 3522 467 3577 331
499 3521 564 3591 qdc
590 3520 709 3577 ioetism
739 3550 771 3560 -
800 3524 852 3579 380
880 3522 980 3578 usdeo
1009 3522 1120 3577 reditm
1148 3522 1248 3592 recito
1278 3550 1311 3561 ·-
1340 3522 1392 3577 334
1415 3520 1515 3590 perdite
1532 3536 1561 3577 m
1592 3552 1626 3561 -

314 3618 367 3675 385
385 3621 565 3676 mmmdcc
588 3622 657 3676 ente
676 3622 728 3677 385
748 3620 883 3692 ριιοηιοᾶο
900 3623 932 3676 in
949 3623 1024 3676 moni
1042 3620 1219 3676 inclinatione
1237 3620 1333 3676 mundi
1350 3636 1417 3689 opos
1433 3619 1628 3691 incedam

314 3716 611 3787 mdopsc)—38bttl
625 3717 1317 3789 micton-386eqoibusmetqos'tsolg—387
1331 3717 1575 3788 quodgmquotlo
1592 3748 1627 3757 -

313 3816 365 3871 389
384 3816 564 3886 horoscoposo
582 3816 703 3887 berretg
723 3818 827 3872 -.390
846 3818 976 3887 referres
1001 3846 1033 3855 —
1057 3818 1110 3873 393
1128 3816 1226 3886 qotqree
1239 3832 1267 3871 m
1290 3846 1323 3854 —
1343 3818 1395 3873 395
1414 3816 1459 3872 doc
1472 3816 1630 3885 parotides·

314 3915 430 3970 ranenl
449 3916 494 3972 hoc
503 3934 577 3987 para
588 3922 722 3972 umerum
737 3932 763 3971 m
781 3920 858 3985 porte
871 3931 890 3985 g
903 3915 1028 3987 paratio
1048 3945 1080 3953 —
1095 3916 1146 3971 393
1161 3914 1301 3970 deducoto
1320 3946 1352 3954 -
1371 3917 1423 3987 &8
1434 3914 1571 3984 secerdote
1591 3946 1627 3954 —

312 4014 379 4082 post
396 4013 448 4069 399
468 4015 536 4084 gin
556 4028 661 4083 marg.:
684 4014 788 4069 ffictus
806 4014 820 4043 ⁸
841 4014 877 4068 ad
894 4014 941 4069 hoe
957 4016 1065 4083 senum
1086 4043 1118 4051 -
1139 4028 1155 4068 e
1173 4013 1203 4069 in
1224 4028 1328 4083 merga
1351 4012 1393 4068 hie
1411 4013 1480 4067 mab
1498 4015 1538 4068 est
1553 4014 1628 4071 crdi-

311 4116 377 4167 noto
388 4113 483 4169 loeutro
493 4112 539 4167 sed
553 4114 621 4168 stuic
636 4113 694 4167 eius
705 4113 828 4169 ordinem
842 4115 944 4167 rectum
955 4112 1093 4181 repperire
1106 4116 1237 4167 omnento
1248 4129 1307 4167 eum
1315 4128 1368 4180 per
1379 4111 1501 4167 ordinem
1514 4111 1628 4180 otfobeta'

311 4228 436 4281 ςιιαονονι
452 4228 504 4281 quo
521 4228 582 4265 eum
600 4210 785 4266 denotauimus
799 4214 861 4279 poet
876 4211 947 4265 tunc
964 4211 1036 4265 enim
1062 4210 1145 4281 Weiss·
1156 4210 1275 4266 obibunt
1289 4226 1316 4278 p.
1335 4227 1357 4265 c.
1377 4213 1394 4263 t.
1414 4210 1430 4263 t.
1456 4209 1531 4265 debet
1546 4228 1627 4281 quem

311 4310 449 4366 mmsis
459 4313 523 4377 post
536 4326 584 4365 aa
592 4309 659 4378 sotio
672 4308 700 4363 B
714 4308 803 4363 littera
820 4308 983 4374 denotatam,
1001 4308 1124 4365 dictetieet
1139 4308 1221 4364 istum
1233 4312 1264 4363 at
1277 4326 1300 4379 q.
1318 4308 1457 4363 noemmin
1470 4307 1493 4376 s.
1510 4316 1575 4365 mat.
1590 4339 1624 4349 -

219 4416 222 4423 '
310 4407 410 4464 idem]
423 4407 453 4463 in
464 4422 557 4477 marg.
568 4406 684 4474 (Vrat.);
703 4406 849 4461 Cusanum
863 4420 917 4462 sue
931 4421 965 4461 ex
978 4405 1119 4476 Lipsiensi
1131 4406 1321 4476 descripsisse
1335 4420 1473 4462 numerus
1485 4404 1625 4464 foliorum

310 4506 405 4562 docet.
415 4505 483 4561 inm
493 4505 593 4561 omnio
602 4511 679 4561 recte
689 4534 722 4542 —
732 4505 787 4559 400
798 4496 899 4573 404ῗῖ1
916 4510 995 4573 atque
1009 4519 1036 4559 m
1055 4512 1152 4575 cquae
1164 4520 1204 4575 gc
1224 4533 1256 4543 -
1274 4504 1327 4560 402
1345 4504 1522 4573 tmdsmobsrl
1542 4504 1627 4561 tribu·

308 4609 398 4662 antur
415 4620 444 4659 m
463 4604 601 4660 tribuetur
617 4618 658 4673 gc
678 4630 711 4640 -
729 4604 783 4657 403
800 4602 914 4658 aduerso
931 4617 948 4657 o
971 4602 1093 4658 nmoentt
1110 4602 1196 4658 sidere
1213 4618 1228 4659 c
1247 4604 1299 4659 404
1319 4604 1371 4659 405
1391 4604 1443 4659 406
1463 4616 1519 4659 om.
1539 4618 1568 4659 m
1590 4632 1625 4645 -

310 4708 363 4759 404
383 4702 559 4771 manige
577 4700 725 4770 toraslgo
743 4728 776 4739 -
790 4701 843 4755 403
863 4687 1048 4771 bispsrttsg
1067 4700 1244 4771 tnspartisl
1265 4704 1317 4757 tres
1334 4704 1462 4772 partae.
