3642 5259
652 1151 794 1229 LlBER
821 1149 1063 1246 QUARTUS.

361 1405 457 1528 Quid
481 1445 548 1503 tam
571 1438 717 1503 sollicitis
739 1439 841 1504 uitam
865 1438 1086 1505 consumimus
1108 1438 1202 1503 annis

363 1553 615 1630 torquemurqns
637 1553 725 1611 metu
749 1567 911 1631 caecaque
934 1545 1086 1632 cupidine
1107 1566 1217 1611 rerum

362 1653 568 1739 aeternisque
590 1674 686 1719 senes
707 1654 804 1735 curis,
828 1654 906 1719 dum
931 1654 1117 1740 quaerimus
1140 1674 1268 1735 aeuum,

362 1760 528 1847 perdimus
551 1767 585 1826 et
604 1762 694 1827 nullo
718 1769 869 1828 uotorum
890 1763 957 1829 fine
979 1763 1067 1827 beati

335 1868 506 1936 suioturos
530 1869 656 1955 agimus
679 1890 809 1956 semper
829 1890 891 1936 nec
914 1870 1056 1935 uiuimus
1079 1869 1255 1953 umquem?
1276 1874 1296 1895 ¹

363 1977 600 2064 pauperiorque
623 1978 718 2044 bonis
740 1980 878 2064 quisque
901 1984 961 2062 cst,
986 1998 1049 2063 quo
1073 1978 1168 2063 plura
1189 1976 1335 2062 requirit,

363 2106 424 2149 nec
448 2084 534 2169 quod
557 2085 658 2151 habet
678 2093 839 2168 numeret,
863 2092 989 2151 tantum
1014 2085 1101 2170 quod
1123 2106 1189 2151 non
1212 2085 1311 2151 habet
1333 2090 1431 2169 optat.

363 2213 503 2278 cumque
525 2193 577 2259 sui
598 2214 719 2281 paruos
741 2216 820 2260 usus
842 2200 960 2260 natura
982 2198 1142 2280 reposcet,

363 2300 534 2367 materiem
557 2302 712 2368 struimus
733 2324 875 2388 magnae
897 2324 958 2389 per
979 2308 1057 2367 uota
1080 2290 1194 2366 ruinae

326 2407 590 2494 roluxuriamque
611 2409 711 2475 lucris
734 2410 872 2476 emimus
894 2410 1039 2495 luxuque
1062 2410 1203 2495 rapinas,

364 2521 398 2579 et
419 2536 583 2581 summum
606 2538 722 2582 census
745 2518 885 2604 pretium
908 2524 958 2583 est
980 2516 1147 2582 effundere
1169 2536 1313 2581 censum.

363 2623 489 2703 soluite,
513 2624 677 2705 mortales,
701 2624 827 2689 animos
849 2646 1010 2710 curasque
1033 2625 1139 2689 lenate

364 2736 476 2815 totque
499 2730 711 2819 superuacuis
733 2732 834 2797 uitam
859 2732 988 2818 deplete
1012 2732 1174 2817 querellis.

364 2838 433 2904 lata
454 2844 574 2924 regunt
595 2840 718 2920 orbem,
741 2846 831 2905 certa
853 2845 941 2905 stant
963 2840 1072 2904 emnia
1095 2840 1177 2925 lege,

326 2969 352 3013 ιι
365 2946 529 3031 longaque
552 2952 738 3032 porcarios
761 2947 931 3033 signantur
955 2953 1103 3034 tempora
1125 2968 1229 3011 cesus.

364 3060 535 3119 nascentes
558 3052 725 3135 morimur,
748 3055 888 3141 finisque
910 3056 952 3120 ab
977 3056 1102 3139 origine
1125 3054 1253 3140 pendet.

364 3160 440 3226 hinc
463 3166 496 3226 et
519 3183 596 3248 opes
619 3169 653 3228 et
674 3184 778 3250 regna
799 3164 914 3246 fluunt,
939 3169 971 3229 el
993 3162 1123 3249 saepius
1147 3168 1217 3228 orta

314 3414 328 3466 l
346 3410 378 3467 in
388 3424 481 3481 marg.
495 3412 601 3482 Incipit
615 3411 731 3469 llb.llll
744 3412 755 3470 l
768 3419 809 3482 (m
819 3414 889 3482 rec)
906 3442 937 3452 -
952 3414 968 3469 2
984 3414 1206 3483 Torqcemurqcc
1218 3426 1290 3468 corr.
1304 3424 1340 3467 ex
1358 3399 1523 3481 normis

205 3506 318 3569 (littera
336 3522 396 3565 una
415 3512 483 3579 post
501 3515 512 3566 t
531 3510 626 3579 erasa)
649 3538 684 3550 —
705 3516 722 3569 5
740 3522 877 3583 oqcomg
897 3540 935 3549 -
958 3514 974 3568 6
993 3513 1042 3581 qul
1059 3525 1076 3566 ο
1100 3540 1133 3550 -
1155 3510 1185 3567 in
1205 3510 1264 3581 glo
1286 3509 1355 3581 post
1378 3522 1420 3589 us.
1439 3510 1455 3563 9
1480 3524 1523 3565 ss-

205 3609 337 3679 quuntur
349 3622 408 3663 ves.
420 3609 461 3664 cic
476 3610 550 3665 inter
563 3610 660 3666 ἀοιιω
672 3609 723 3679 (IV
736 3610 800 3679 314)
820 3639 853 3650 —
872 3624 976 3667 versus
991 3610 1113 3667 10-1113
1132 3608 1325 3666 inueniuntur
1343 3606 1374 3663 in
1392 3606 1469 3665 libro
1481 3607 1522 3664 lll

205 3707 274 3777 post
285 3708 339 3762 899
355 3707 467 3763 midae
480 3708 581 3763 tribuet
598 3709 654 3765 etc.
677 3708 709 3765 in
722 3722 815 3780 marg.
829 3708 867 3765 erl
879 3708 920 3765 ΙΙΙ
933 3708 986 3765 313
1003 3708 1026 3765 l:
1045 3710 1103 3765 Hic
1119 3708 1192 3763 mals
1209 3710 1248 3763 eat
1266 3708 1395 3763 ordinato
1414 3707 1524 3763 urcem·

204 3806 253 3861 scd
269 3806 295 3861 ei
310 3806 356 3860 ara
372 3806 496 3861 ordinem
512 3807 572 3861 cisse
588 3810 693 3862 rectum
709 3808 829 3879 reperire
845 3812 977 3863 menenio
994 3824 1055 3863 arm
1069 3824 1121 3877 per
1131 3806 1256 3862 ordinem
1268 3806 1385 3875 alfabcli
1396 3822 1525 3875 quaerere

205 3920 258 3973 qao
280 3920 343 3959 cum
366 3904 563 3960 denotanimcc.
610 3905 675 3962 Post
696 3906 769 3961 harro
790 3906 864 3962 cuim
884 3896 1006 3961 cereum
1020 3906 1112 3961 uideo
1134 3905 1236 3961 causet
1259 3904 1333 3959 debet
1356 3920 1454 3959 werse
1476 3904 1525 3959 ille

205 4002 283 4071 rcqrss‘
304 4019 384 4071 qum
407 4002 549 4058 ιἰιιωιιενίι
565 4007 630 4073 post
655 4020 705 4059 aa
725 4004 797 4073 folio
818 4005 847 4060 B
867 4004 960 4059 littero
985 4004 1142 4059 deroldum
1163 4002 1291 4058 uidelicet
1312 4002 1398 4058 iatum
1422 4005 1454 4057 ct
1476 4004 1525 4072 qni

204 4100 355 4156 marsis.
377 4098 458 4155 idem
470 4099 590 4157 habete
607 4100 726 4156 omissis
743 4100 843 4158 verbis
858 4118 953 4158 cereus
970 4102 1019 4157 illc
1033 4102 1118 4171 ecqui,
1137 4100 1271 4157 seruauit
1280 4105 1340 4172 post
1352 4116 1401 4163 aec
1411 4101 1483 4170 folio
1496 4101 1524 4156 B

207 4198 314 4254 lilino·
332 4196 386 4254 sed
404 4196 427 4252 B
445 4197 544 4255 littera
564 4212 710 4270 nusquam
732 4197 764 4255 in
787 4214 811 4255 c.
830 4198 991 4267 inuenitur,
1016 4212 1120 4255 uersus
1139 4200 1237 4255 antem
1260 4203 1290 4255 al
1312 4200 1362 4268 qni
1383 4199 1525 4257 mnemia

206 4296 266 4352 iam
283 4297 350 4366 post
367 4297 506 4367 quattuor
525 4296 678 4353 columnus
692 4296 793 4365 (binae
804 4297 884 4353 enirn
896 4299 1145 4367 septuagenorum
1160 4311 1219 4353 una
1234 4310 1370 4367 qnacque
1384 4310 1523 4353 uersuum

207 4393 238 4449 ln
258 4394 365 4464 quavis
383 4394 493 4465 pagina
515 4395 696 4467 perscriptas
715 4396 797 4462 sunt)
821 4396 963 4467 seqnitur.
1001 4396 1123 4465 apparet
1145 4393 1299 4452 librarium
1324 4408 1359 4449 sa
1378 4392 1469 4450 uerba
1489 4408 1524 4449 ex

206 4490 341 4561 margine
353 4491 515 4563 Lipsiensis
528 4492 729 4563 descripsisse.
742 4494 820 4550 —in
837 4510 867 4549 m
886 4494 918 4562 (u
932 4493 984 4564 v2)
1004 4486 1104 4550 omnia
1123 4496 1202 4549 recte
1221 4518 1255 4530 -
1276 4494 1308 4547 12
1329 4479 1422 4547 liceto
1439 4506 1468 4547 m
1490 4523 1522 4533 -

207 4591 242 4646 13
264 4590 402 4659 deflere
429 4608 481 4660 que
498 4581 573 4668 tellis
595 4606 624 4646 m
649 4621 682 4630 —
705 4594 736 4648 15
762 4610 842 4649 coccos
860 4592 931 4662 lgm
958 4592 1007 4658 (ad
1034 4606 1130 4646 curere
1153 4603 1182 4644 m
1210 4590 1295 4655 corr.)
1323 4604 1458 4645 carcerc
1491 4616 1523 4626 -

208 4690 241 4744 ll
265 4689 371 4746 Tauron
388 4694 453 4746 ortu
464 4703 490 4744 o.
