3642 5259
817 344 904 403 Liber
922 346 942 401 1.
979 347 1130 403 are-ma

477 584 538 630 nec
562 560 678 627 cadere
701 562 733 627 in
756 568 878 627 terrum
901 561 1077 647 pendentia
1098 561 1207 628 nidera
1230 564 1320 629 caelo

424 698 464 740 aaa
478 672 535 737 aed
558 672 704 737 dimensa
727 670 792 735 suia
816 690 1006 736 consumere
1030 675 1177 757 tempora
1200 670 1317 755 cignis:

477 802 541 847 non
566 799 658 844 casua
682 800 762 864 opus
786 784 844 859 eat,
868 778 979 864 magni
1002 778 1059 843 sed
1082 778 1225 844 numinis
1248 779 1336 844 ordo.

530 890 611 953 haec
633 886 732 973 igitur
754 891 867 951 texunt
890 887 1018 971 aequali
1042 885 1150 951 sidera
1172 892 1277 952 tractu

476 996 606 1082 ignibus
628 995 662 1058 in
685 994 793 1059 uarias
817 994 943 1059 caelum
965 994 1152 1079 laqueantia
1174 993 1304 1059 formas.

477 1104 571 1171 altius
594 1103 645 1167 hia
668 1102 748 1166 nihil
771 1107 833 1183 out3
856 1102 939 1167 haec
962 1107 1038 1167 eunt
1060 1101 1191 1188 fastigia
1214 1102 1342 1184 mundi;

422 1236 462 1280 555
475 1211 606 1299 publica
628 1216 764 1275 naturae
787 1210 902 1275 domuc
925 1209 977 1273 hia
1000 1214 1152 1275 contenta
1174 1215 1302 1275 tenetur

474 1318 592 1385 finibus
615 1317 812 1403 amplectens
835 1322 972 1403 pontum
994 1323 1162 1402 terrasque
1184 1318 1329 1383 iacentis.

475 1427 583 1493 omnia
606 1424 758 1491 concordi
781 1430 885 1490 tractu
908 1424 1109 1509 ueniuntque
1132 1424 1326 1511 caduntque,

474 1556 539 1621 qua
561 1532 663 1599 semel
684 1532 832 1597 incubuit
854 1533 981 1597 caelum
1004 1552 1200 1617 uersumque
1224 1535 1372 1619 resurgit.

527 1643 596 1727 ipse
621 1645 729 1704 eutem
752 1645 909 1724 quantum
933 1660 1079 1705 connexo
1103 1640 1243 1704 mundus
1266 1640 1406 1728 Olympo

419 1776 459 1818 aro
473 1750 617 1816 obtineat
640 1746 792 1832 epatium,
815 1747 946 1832 quantia
968 1746 1018 1811 bia
1042 1768 1121 1812 aena
1143 1746 1291 1813 serantur

472 1857 592 1923 finibus
616 1860 711 1935 astra,
737 1854 831 1919 docet
852 1855 946 1936 ratio,
972 1854 1024 1919 cui
1048 1854 1137 1920 nulla
1159 1856 1314 1921 resistunt

473 1966 614 2031 claustra
637 1983 698 2027 nec
720 1963 887 2027 inmensae
910 1963 1013 2027 moles
1037 1962 1220 2049 ceduntque
1242 1985 1400 2045 recessus,

473 2072 582 2139 omnia
605 2071 828 2152 succumbunt,
852 2070 959 2156 ipsum
983 2076 1032 2135 eet
1054 2071 1256 2156 penetrabile
1279 2072 1414 2137 caelum.

472 2200 548 2245 nam
572 2184 728 2265 qnantum
753 2198 773 2241 u
796 2177 890 2242 terris
914 2183 1011 2263 atque
1035 2198 1177 2264 aequore
1198 2179 1292 2264 signa
1314 2180 1480 2263 recedunt,

417 2312 457 2353 555
472 2292 598 2352 tantum
621 2287 699 2350 bine
721 2291 842 2371 patent.
890 2306 1094 2371 quacumque
1117 2286 1271 2351 inciditur
1293 2288 1380 2352 orbiu

471 2416 530 2481 per
552 2393 705 2473 medium,
730 2414 805 2478 pars
829 2392 970 2458 efficitur
992 2400 1061 2459 tum
1084 2394 1179 2457 tertie
1202 2394 1272 2479 gyri

470 2504 587 2587 exiguo
611 2499 765 2565 dirimens
790 2500 926 2565 aolidem
950 2500 1136 2566 discrimine
1159 2522 1330 2567 summam.

470 2614 560 2674 astra
583 2610 682 2694 igitur
705 2609 831 2673 caelum
854 2608 904 2674 bis
928 2609 1005 2674 bina
1028 2607 1149 2695 refugit
1171 2609 1213 2673 ab
1236 2610 1301 2675 imo
1363 2680 1366 2687 ,

468 2738 640 2797 summum,
664 2716 713 2780 bie
737 2718 823 2781 senia
846 2724 882 2781 ut
904 2718 947 2782 sit
967 2738 1044 2802 pars
1067 2717 1163 2782 tertia
1186 2718 1296 2804 signis.

416 2847 456 2890 555
471 2824 527 2890 aad
551 2825 627 2910 quia
650 2845 709 2909 per
731 2823 874 2889 medium
900 2830 950 2888 est
971 2824 1066 2889 tellus
1090 2846 1247 2911 suspense
1269 2824 1479 2912 profundum,

468 2932 553 2997 binio
576 2954 596 2997 a
619 2952 745 2995 summo
768 2932 868 3015 signia
892 2930 1029 2995 discedit
1052 2937 1085 2995 ot
1106 2932 1182 2996 imo.

468 3039 543 3104 hinc
567 3038 666 3124 igitur
688 3038 915 3123 quodcumque
938 3058 1037 3123 supra
1061 3043 1093 3102 ta
1116 3038 1252 3123 auspicia
1275 3040 1355 3125 ipse,

468 3169 533 3233 qua
554 3168 614 3232 per
635 3146 732 3210 inane
755 3151 865 3210 meunt
888 3146 973 3211 oculi
996 3166 1126 3230 quaque
1149 3146 1196 3210 irc
1220 3153 1381 3231 recusent,

468 3254 553 3320 binis
576 3252 782 3339 aequandum
805 3259 854 3318 eet
877 3252 989 3339 signia,
1014 3273 1070 3317 aex
1094 3258 1186 3318 tante
1208 3252 1367 3319 rotundae

413 3384 454 3427 555
468 3362 615 3427 efficiunt
638 3361 749 3426 orbem
772 3381 885 3443 zonae,
910 3381 975 3446 qua
998 3359 1093 3446 cigna
1115 3358 1266 3425 feruntur

466 3468 516 3533 bis
539 3489 595 3533 aex
617 3468 746 3553 aequali
770 3468 872 3553 spatio
897 3466 1039 3532 tenentia
1063 3468 1203 3533 caelum.

467 3598 526 3641 nec
549 3576 667 3641 mirere
691 3596 791 3661 uagos
814 3581 927 3661 partus
950 3575 1064 3641 eadem
1088 3596 1162 3641 5555
1185 3596 1245 3662 per
1267 3581 1355 3642 aatra

467 3689 499 3749 ct
520 3684 655 3751 mixtum
678 3684 801 3770 ingenti
825 3683 953 3770 generis
976 3683 1162 3751 discrimine
1194 3684 1306 3766 fetum,

412 3999 463 4053 559
488 4004 618 4053 mmo
638 4024 671 4035 ·-
691 3996 836 4067 sequitur:
856 3996 902 4052 Dc
917 3995 1055 4065 parallelis
1071 3995 1189 4053 51555155.
1222 3997 1350 4053 elmlea
1367 3998 1405 4052 cd
1422 4024 1455 4034 -—
1472 3997 1622 4053 5511155555

302 4113 369 4167 wo
387 4095 552 4163 (555-511)
571 4095 625 4151 rm.
654 4109 710 4153 om.
730 4094 762 4151 re
774 4094 874 4165 aaran
893 4109 918 4151 5.
947 4110 967 4165 g
987 4092 1134 4163 (trajectio
1153 4094 1257 4151 auem
1275 4094 1333 4163 est)
1348 4094 1446 4150 -aaa
1464 4078 1621 4151 55551-

305 4196 357 4249 583
384 4196 415 4249 55
439 4192 466 4227 “¹
486 4194 591 4250 caelum
612 4188 639 4224 “²
665 4192 788 4249 ucriccl
815 4192 892 4261 (coll.
913 4192 1005 4260 Vrat.)
1032 4194 1064 4249 55
1079 4211 1101 4249 c.
1119 4213 1147 4249 5.
1165 4207 1186 4263 g
1211 4192 1244 4248 in
1265 4192 1362 4247 uariae
1384 4192 1486 4248 5551555
1508 4207 1561 4249 mc
1586 4222 1620 4232 -

305 4292 357 4347 536
385 4291 496 4347 mcertis
513 4306 540 4346 m
570 4290 717 4347 1555551555
746 4321 779 4331 -
807 4294 875 4361 post
893 4293 947 4348 538
970 4290 1136 4361 (resurgit):
1165 4291 1210 4347 Dc
1228 4290 1412 4360 5555555555
1432 4298 1459 4346 ct
1475 4290 1621 4347 latitudine

304 4388 403 4445 muudi
411 4393 438 4445 et
444 4388 603 4459 5195555551
617 4388 730 4459 (miu)g
748 4388 839 4459 (maj.)
851 4392 869 4445 d
881 4389 1025 4445 latitudine
1036 4392 1065 4444 ct
1073 4388 1264 4461 magnitudin
1272 4407 1308 4443 m.
1316 4406 1339 4443 e.
1348 4405 1369 4444 5.
1383 4404 1414 4444 m
1426 4388 1510 4445 deest
1518 4388 1549 4445 iu
1560 4402 1577 4445 5
1587 4417 1620 4427 -

303 4490 356 4545 543
368 4487 547 4543 5555555551
558 4487 602 4543 lm
616 4514 649 4525 -
663 4489 715 4543 545
727 4494 866 4558 55555555
879 4502 908 4543 m
921 4516 955 4527 —
973 4489 1026 4543 548
1038 4502 1179 4543 nummum
1191 4487 1307 4557 1911555
1323 4502 1410 4556 recog
1428 4516 1462 4525 -
1479 4488 1531 4543 549
1543 4489 1621 4543 astra

302 4588 342 4643 bie
358 4601 376 4643 e
393 4616 428 4624 -
445 4587 497 4641 552
516 4585 729 4655 5559551555]
750 4582 1059 4655 -5581551555111
1075 4573 1201 4654 cariqucl
1218 4585 1477 4655 caconem—554
1495 4586 1623 4653 15555551

301 4688 375 4743 m
388 4700 417 4740 m
436 4710 470 4723 -
489 4685 541 4739 557
560 4698 637 4739 uoco
656 4712 690 4723 -
708 4685 761 4740 558
777 4683 865 4751 fctum
878 4683 1080 4752 m([1)satum
1092 4698 1123 4736 ω.
