3642 5259
810 386 936 445 Liuor
972 390 1122 446 403-404.

471 611 608 671 euentus
631 604 763 691 frugum
786 604 894 670 uarios
919 611 952 670 et
973 611 1120 693 tempora
1143 604 1264 686 dicunt,

472 734 619 798 quaeque
642 712 794 778 ualetudo
818 713 939 796 ueniet,
964 712 1137 778 concordio
1159 718 1296 798 quento3

417 821 556 887 40400114
578 820 657 885 facit
679 840 859 906 pacemque
881 820 983 885 refert
1005 820 1160 906 uarieque
1183 825 1351 885 reuertens

471 929 517 992 sic
540 933 661 1009 mouet,
686 933 721 992 ut
744 928 826 993 uidit
847 927 1016 1007 mundum,
1039 928 1197 1013 uultuque
1220 928 1389 1015 gubernat.

470 1056 591 1121 magno
614 1034 693 1099 fides
718 1035 778 1101 hoo
798 1056 893 1121 posse
918 1036 1005 1101 color
1028 1056 1208 1121 cursusque
1230 1036 1381 1101 micantis

469 1146 502 1209 in
526 1142 649 1209 radios:
673 1144 728 1207 uix
751 1143 819 1209 sols
842 1143 959 1226 minor,
982 1142 1045 1209 nisi
1069 1142 1156 1229 quod
1178 1143 1291 1229 procul
1313 1142 1452 1208 haerens

470 1249 587 1335 frigida
610 1250 760 1316 caeruleo
784 1257 977 1337 contorquet
998 1250 1123 1316 lumino
1146 1250 1249 1315 uultu.

419 1382 460 1425 440
474 1364 582 1424 cetera
603 1359 779 1423 uincuntur
802 1359 920 1445 specie,
944 1380 1005 1423 4400
1028 1358 1147 1423 clarius
1170 1364 1294 1424 ostrum

470 1467 629 1552 tinguitur
652 1487 772 1532 oceano
796 1466 966 1532 coelumne
990 1468 1102 1531 reuisit
1124 1468 1166 1532 ab
1189 1467 1294 1532 undis,

470 1582 538 1638 tum
562 1595 704 1660 procyon
728 1575 889 1660 ueloxque
910 1574 1014 1661 lepus,
1039 1580 1107 1639 tum
1131 1575 1248 1639 nobilis
1272 1595 1350 1660 orgo

469 1682 652 1747 1440401444
676 1682 834 1747 subducte
858 1683 950 1766 mari,
975 1682 1062 1767 quod
1084 1682 1191 1767 prima
1214 1682 1365 1763 cucurrit,

470 1790 640 1855 emeritum
664 1790 791 1875 magnis
814 1790 973 1855 mundum
996 1796 1084 1855 tenet
1108 1796 1179 1855 note
1201 1789 1332 1875 periclis

416 1922 456 1962 415
471 1898 631 1962 seruando
655 1898 717 1961 deo
739 1898 826 1962 facte
850 1897 937 1962 deos.
985 1897 1038 1962 cui
1061 1899 1226 1984 proximus
1250 1899 1365 1983 anguis

470 2026 624 2090 squamea
648 2005 810 2090 dispositis
832 2005 978 2070 imitetur
1000 2005 1125 2069 lumino
1147 2005 1297 2070 flammis.

470 2120 503 2177 et
525 2112 656 2177 Phoebo
681 2132 773 2177 sacer
796 2113 863 2177 eles
887 2120 919 2177 et
941 2134 1008 2177 44440
1031 2118 1142 2198 gratus
1165 2112 1282 2177 Incoho

470 2228 575 2285 crater
598 2228 630 2284 st
653 2220 774 2307 duplici
797 2226 970 2286 centaurus
992 2222 1136 2306 imagine
1159 2220 1271 2307 fulget,

470 2349 543 2407 pars
567 2328 716 2408 hominis,
741 2332 833 2414 tergo
857 2339 969 2413 pectus
993 2330 1184 2394 commissus
1207 2328 1335 2415 equino.

415 2459 456 2501 440
470 2438 570 2521 ipsius
592 2436 667 2501 hino
692 2436 812 2501 mundo
837 2437 994 2522 templum
1019 2443 1077 2519 est,
1101 2438 1283 2522 uictrixque
1306 2436 1419 2501 solutis

466 2565 524 2609 444
546 2544 628 2608 nitet
651 2544 761 2627 sacris,
785 2550 894 2609 uastos
920 2566 993 2609 cunr
1017 2550 1104 2610 terra
1127 2544 1276 2631 gigantes

415 2674 455 2716 440
470 2650 633 2716 discordes
658 2650 750 2715 uultu
773 2652 998 2738 pemrixtaque
1021 2672 1158 2739 corporo
1180 2656 1276 2737 partu

469 2760 502 2823 in
527 2759 651 2824 coelum
675 2758 850 2824 furibundo
873 2760 956 2824 tulit.
1003 2765 1072 2825 tum
1095 2760 1129 2824 di
1151 2780 1280 2846 quoque
1304 2780 1441 2845 magnos

469 2868 660 2954 quaesiuere
684 2866 777 2947 deos;
801 2867 962 2932 dubitauit
984 2866 1131 2954 Iuppiter
1152 2868 1223 2953 ipse

469 2974 556 3061 quod
578 2980 705 3060 poterat
729 2994 793 3039 non
816 2995 910 3059 posse
936 2975 1064 3057 timens,
1089 2995 1163 3039 oum
1186 2994 1319 3059 surgere
1342 2980 1464 3038 terrem

416 3106 456 3147 400
469 3088 627 3163 00440401,
650 3087 686 3145 ut
710 3082 793 3146 uerti
817 3088 967 3148 notorem
991 3081 1139 3147 crederet
1161 3102 1301 3164 omnem,

469 3190 633 3256 montibus
657 3196 754 3274 atque
778 3190 851 3254 eltis
875 3196 1027 3275 aggestus
1050 3210 1195 3255 crescere
1219 3195 1356 3269 montes,

469 3303 591 3362 ettam
615 3296 739 3362 uicinos
763 3296 922 3382 fugientia
946 3298 1053 3362 sidere
1077 3280 1184 3363 colles,

416 3428 456 3469 440
471 3421 568 3467 arma
590 3394 808 3485 importantds
831 3406 862 3467 et
885 3406 989 3485 rupta
1011 3406 1118 3467 matre
1143 3406 1279 3485 creatos,

415 3536 455 3577 400
468 3512 608 3578 necdum
632 3510 822 3597 pestiferum
846 3512 906 3577 sibi
932 3532 1128 3597 quemquam
1152 3518 1209 3577 sut
1230 3512 1365 3578 numine
1389 3518 1507 3577 uoreut

470 3621 497 3685 si
520 3641 585 3706 quo
607 3619 715 3685 forent
738 3621 862 3685 44441044
885 3620 962 3685 suis.
1010 3626 1086 3685 tunc
1109 3618 1258 3708 Iuppiter
1279 3642 1357 3685 44440

470 3728 577 3794 sideru
599 3729 774 3811 constituit,
799 3748 884 3815 quae
906 3749 994 3793 nunc
1017 3750 1146 3815 quoque
1170 3729 1312 3794 maxime
1334 3728 1470 3813 fulgent.

239 3864 274 3925 4,
469 3857 566 3923 quom
591 3843 723 3923 propter
746 3837 855 3924 pristis
880 3836 1078 3902 conuoluens
1102 3859 1258 4010 ⁸51&st
1280 3844 1374 3922 terge

469 3945 602 4011 orbibus
625 3944 764 4030 insurgit
787 3946 881 4009 tortis
906 3951 938 4009 et
960 3944 1096 4010 fluctuat
1117 3968 1138 4011 4
1151 3968 1203 4012 uo.

416 4143 468 4198 403
492 4141 630 4211 4144040413
653 4140 829 4211 (intusum)
853 4140 947 4197 0004444
963 4158 984 4194 o
1004 4172 1036 4179 -
1057 4142 1285 4198 rosmundae
1309 4170 1340 4179 -
1366 4135 1623 4197 4091040441-

309 4242 361 4296 410
382 4239 648 4310 0440004000Μο
667 4239 911 4311 luprogtcpuoo
933 4236 1624 4310 -414440440140οφνωο110444111-4104444·

310 4342 406 4395 taetro
430 4354 460 4394 m
488 4338 532 4405 (in
563 4352 654 4407 marg.
683 4338 766 4404 0044.)
797 4368 829 4375 -
858 4341 910 4393 419
936 4336 1145 4394 conmiorrulm
1173 4366 1205 4375 —-
1231 4337 1286 4393 420
1310 4336 1353 4391 bic
1370 4334 1412 4391 lm
1439 4335 1502 4391 binc
1521 4347 1562 4403 gc
1589 4360 1623 4369 -

308 4440 358 4493 401
381 4438 503 4509 gigantas
525 4452 552 4491 m
577 4440 606 4503 (a
629 4452 664 4491 04
687 4436 698 4490 4Ι
722 4451 794 4493 0044.
813 4434 848 4503 L)
868 4436 987 4506 94900404
1005 4453 1026 4487 o
1058 4464 1089 4474 —-
1118 4436 1170 4491 400
1195 4435 1330 4490 1404440100
1360 4464 1392 4471 -
1421 4434 1474 4489 405
1497 4435 1563 4487 cto
1590 4459 1623 4468 -

309 4539 361 4592 400
379 4536 470 4592 attico
495 4565 528 4573 —
552 4534 727 4589 4010011040
754 4564 787 4572 -
812 4537 864 4589 408
882 4533 1055 4603 importantia
1072 4548 1102 4589 m
1119 4533 1300 4603 impetranter
1317 4533 1623 4597 4001000001οη-

308 4638 360 4690 440
380 4634 460 4689 mato
479 4648 496 4689 0
514 4620 623 4702 corport
641 4646 669 4687 m
688 4636 821 4701 pertuso
841 4661 873 4669 -
894 4631 948 4687 400
966 4631 1121 4700 musmo
1141 4646 1157 4686 ο
1176 4631 1417 4687 abominante
1435 4630 1569 4685 4044440
1590 4654 1622 4663 -

308 4734 358 4789 431
374 4731 629 4788 44444040444101040
642 4746 669 4784 444
689 4732 729 4795 (in
745 4729 936 4799 mergetur.)
956 4758 989 4767 -
1007 4731 1060 4785 430
1075 4730 1183 4800 fulgent
1199 4745 1216 4785 o
1234 4758 1267 4767 -
1282 4730 1335 4784 434
1349 4701 1436 4783 tortis
1447 4726 1459 4781 l
1472 4726 1549 4781 104114
1560 4738 1623 4793 gm.
