3642 5259
688 362 775 421 Liber
792 360 813 419 l.
851 363 1002 421 435-466.

295 606 336 650 4³5
350 583 513 648 intentans
536 602 680 647 morsum
704 580 817 646 similis
840 581 906 645 iam
929 582 1060 665 iamque
1083 580 1216 660 tenenti,

351 690 457 777 qualis
481 689 522 753 ad
546 690 711 774 expositae
735 690 837 753 fatum
862 687 1045 773 Cepheidos
1065 688 1161 753 undis

351 798 475 884 expulit
498 798 675 863 adueniens
698 798 785 861 ultra
808 818 867 861 suu
889 798 985 862 litora
1007 802 1152 883 pontum.

353 913 421 971 tum
445 907 551 971 notius
575 906 671 992 piscis
695 906 784 970 uenti
808 906 848 969 de
873 905 1003 969 nomine
1027 903 1132 968 dietus

353 1016 481 1099 exurgit
504 1014 543 1079 de
567 1020 659 1099 parte
682 1016 764 1092 noti3
790 1014 841 1078 eui
864 1012 976 1078 inusta
998 1012 1147 1076 feruntur

297 1144 339 1185 440
353 1122 436 1186 flexa
459 1143 517 1206 per
541 1122 680 1207 ingentis
704 1122 870 1185 stellarum
893 1120 1029 1185 flumina
1052 1142 1157 1205 gyros.

353 1229 486 1293 alterius
510 1229 607 1314 capiti
630 1230 798 1314 coniungit
820 1229 974 1313 aquarius
998 1227 1101 1292 undae

354 1338 468 1419 amnis,
493 1343 524 1401 et
547 1337 580 1401 in
604 1336 747 1402 medium
771 1342 889 1401 coeunt
911 1343 944 1400 et
967 1336 1074 1400 sidera
1097 1336 1241 1399 miscent.

407 1446 456 1509 his
479 1445 565 1509 inter
587 1446 728 1530 solisque
751 1445 822 1509 uias
846 1450 1016 1528 eretusque
1039 1443 1169 1507 latentis

356 1569 455 1615 axem
477 1570 561 1631 quae
584 1548 704 1614 muudi
727 1542 923 1615 stridentem
942 1547 1090 1632 pondere
1114 1552 1276 1629 torquent,

300 1682 341 1727 445
356 1661 432 1724 orbe
456 1660 627 1745 peregrino
651 1660 777 1724 eaelum
801 1659 986 1745 depingitur
1008 1659 1113 1736 astris,

356 1787 439 1851 quae
464 1768 552 1831 notia
576 1766 700 1853 antiqui
723 1766 874 1833 dixerunt
896 1766 1004 1831 sidera
1027 1775 1129 1830 uates.

354 1875 468 1939 ultima
492 1896 575 1959 quae
598 1876 719 1939 mundo
743 1895 872 1959 semper
894 1874 1071 1939 uoluuntur
1094 1875 1128 1937 in
1150 1874 1226 1955 imo,

353 1982 425 2068 quis
447 1982 560 2047 innixa
582 1988 716 2048 ma'nent
738 1982 818 2047 caeli
843 1982 1003 2066 fulgentia
1025 1981 1157 2067 templa,

355 2111 516 2175 nusquam
539 2090 573 2154 iu
597 2095 805 2175 conspectum
829 2090 999 2154 redeuntis
1022 2090 1154 2153 nardina
1176 2109 1271 2154 uerso

302 2220 343 2263 450
357 2197 503 2263 sublimis
527 2198 668 2283 speeiem
691 2198 804 2263 mundi
828 2197 1007 2283 similisque
1029 2197 1150 2283 figuras

357 2312 518 2370 astrorum
541 2305 695 2371 referunt.
741 2312 773 2370 et
795 2326 907 2370 uersas
929 2305 1090 2369 frontibus
1114 2310 1220 2369 arctos

358 2434 422 2477 uno
447 2413 611 2498 distingui·
625 2414 749 2479 medias
772 2412 944 2498 olandique
967 2412 1108 2477 dracone

359 2520 520 2586 oredimus
544 2523 701 2607 exemplo.
749 2521 898 2607 quamuis
921 2520 1081 2605 fugientia
1104 2521 1210 2615 nisus²

357 2628 442 2693 huno
467 2630 584 2699 orbem
602 2630 695 2703 caeli
706 2630 862 2694 uertentis
886 2628 994 2693 sidera
1016 2649 1112 2693 eursu

305 2759 345 2801 455
359 2735 491 2801 cardine
515 2742 581 2802 tam
605 2738 701 2802 simili
725 2738 841 2802 fultum
865 2758 964 2822 quam
987 2737 1109 2801 uertice
1132 2736 1279 2820 pingunt.

412 2843 493 2909 haee
516 2845 615 2929 igitur
636 2866 755 2927 magno
779 2844 900 2909 diuisas
925 2844 1055 2909 aethere
1079 2843 1172 2908 sedes

360 2952 453 3035 signa
476 2957 588 3018 tenent
609 2952 723 3017 mundi
746 2958 851 3018 totum
874 2952 1014 3017 deducta
1034 2972 1094 3036 per
1116 2951 1236 3016 orbem.

359 3064 394 3123 tu
417 3060 514 3125 medo
537 3062 701 3147 corporeis
725 3061 837 3125 similis
860 3082 902 3125 ne
926 3081 1046 3145 quaere
1068 3059 1201 3144 figuras,

361 3168 470 3232 omnia
492 3173 528 3232 ut
551 3169 680 3254 aequali
703 3168 862 3255 fulgentia
885 3169 1032 3233 membra
1055 3167 1161 3231 colore

307 3294 348 3337 440
361 3272 491 3339 deficiat
514 3275 673 3379 nihilyaut
697 3296 836 3341 uacuum
861 3296 926 3361 qua
948 3276 1071 3340 lumine
1094 3280 1208 3340 cesset.

360 3403 425 3447 non
448 3384 567 3469 poterit
589 3385 729 3449 mundus
753 3385 889 3449 sufferre
910 3383 1060 3449 incendia
1082 3389 1183 3463 tauta,

362 3490 471 3555 omnia
493 3491 521 3555 si
544 3491 648 3577 plenia
673 3492 832 3557 ardebunt
855 3492 963 3557 sidera
985 3491 1148 3555 membris.

361 3596 513 3682 quiequid
537 3598 691 3664 subduxit
712 3600 852 3665 flammis
874 3605 992 3663 natura
1014 3599 1159 3684 pepercit

362 3704 569 3771 succubitura
591 3708 693 3789 oneri,
717 3708 839 3772 formas
863 3706 1049 3791 disiungere
1072 3712 1197 3771 tantum

309 3832 349 3874 4s5
363 3818 515 3877 contenta
538 3820 571 3877 et
593 3814 694 3879 stellis
717 3814 887 3880 ostendere
911 3813 1019 3879 sidera
1041 3814 1147 3878 certis.

362 3918 449 3984 linea
471 3920 621 4007 designat
643 3922 777 4008 speeies,
803 3928 899 4009 utque
922 3922 1052 4007 ignibus
1074 3922 1166 4007 ignes

310 4116 363 4170 435
384 4115 544 4173 intuentum
561 4132 590 4172 m
613 4134 705 4173 morsu
729 4117 740 4173 l
763 4133 883 4173 morsum
905 4131 926 4187 g
946 4116 1062 4172 similes
1083 4133 1203 4172 morsum
1222 4132 1251 4173 m
1279 4146 1314 4155 -
1336 4116 1390 4171 438
1414 4118 1515 4184 anag

201 4210 356 4268 nottiuale
376 4242 408 4251 -—
427 4215 781 4285 mompsuesteno
801 4246 834 4255 —
853 4215 1083 4285 ttotumttem
1100 4215 1202 4285 ptumo
1218 4218 1316 4269 -441
1336 4214 1449 4269 41454445
1465 4228 1513 4282 8¹1¹

202 4309 341 4365 45454454
358 4312 454 4381 capul
473 4312 564 4380 (urat.
579 4312 657 4380 0011.)
672 4342 705 4351 -ι
719 4316 771 4369 443
790 4314 903 4369 uanus
919 4328 985 4370 0-
997 4313 1050 4367 445
1068 4312 1145 4368 susa
1157 4328 1187 4369 m
1205 4313 1329 4382 nouag
1349 4291 1461 4369 usu
1481 4341 1513 4349 -

203 4411 254 4463 447
274 4408 555 4480 inemendatum
572 4413 680 4482 &paug
698 4440 730 4450 —
749 4414 801 4467 449
820 4411 1009 4481 conspectaml
1026 4418 1232 4480 eouepoetugm
1248 4410 1515 4481 -4505154014430

203 4504 225 4572 u
237 4505 317 4562 Vrot
328 4506 406 4576 con.)
417 4508 575 4577 maenum
592 4488 935 4579 assumamusque
951 4538 984 4547 -
998 4510 1221 4580 453f1419mtiao
1240 4538 1272 4546 -
1288 4510 1341 4565 455
1349 4510 1467 4578 pinsito
1481 4532 1513 4545 -

202 4607 256 4669 458
275 4605 373 4661 444444ὶὶ5
386 4620 414 4661 m
435 4636 467 4644 -
487 4608 539 4662 459
558 4608 749 4663 5444445415
772 4609 1106 4677 opinatissimorum
1125 4611 1213 4663 autm
1235 4634 1267 4643 -
1288 4608 1341 4661 450
1358 4612 1413 4661 sto
1432 4619 1514 4675 quae

203 4704 308 4759 uocato
329 4732 361 4741 -
381 4708 433 4759 45¹4
451 4705 622 4761 antestitem
635 4705 667 4761 le
686 4708 856 4763 aumubitura
869 4722 933 4776 giu.
