3642 5259
683 372 769 431 Liber
786 370 836 431 Ill.
873 373 1026 433 466-495.

355 588 715 695 diuiduuquuplicant
738 590 824 657 uires
846 590 1015 658 haerentia
1039 594 1142 678 rigna,

355 698 533 784 ultimaque
555 704 705 784 acceptas
728 698 902 784 triplicant
950 700 995 765 ita
1018 722 1145 765 summa
1168 700 1282 767 diebus

271 819 279 835 ·
354 806 512 886 redditur,
537 813 695 893 aequatae
717 806 888 873 solnnntur
910 806 1043 874 faenore
1065 814 1187 889 nectes,

354 936 466 979 rursus
489 920 523 978 et
544 910 704 1001 incipiunt
721 915 854 1001 propria
876 914 918 980 da
941 922 1027 982 sorte
1050 916 1163 982 diebus

298 1021 469 1089 rrccedere
491 1021 629 1087 diuersa·
643 1021 787 1087 labentia
809 1028 957 1108 tempera
979 1023 1062 1109 lege.
1097 1038 1100 1045 '

353 1148 494 1216 namque
517 1128 602 1194 aries
624 1129 758 1195 tetidem
781 1129 914 1195 deducit
935 1130 1085 1197 noctibus
1107 1130 1213 1212 boras,

353 1243 433 1323 quet
453 1236 543 1323 prius
566 1236 768 1302 abstulerant
790 1238 921 1323 proprio
945 1239 1005 1304 sub
1029 1237 1159 1303 nominc
1183 1238 1297 1324 pisces

352 1344 433 1410 hora
455 1344 552 1409 datur
574 1350 679 1426 tauro,
702 1344 933 1429 cumulantque
956 1352 992 1411 nt
1015 1345 1135 1412 damna
1157 1347 1277 1432 priora,

351 1452 520 1518 dimidiam
543 1451 726 1538 adiungunt
747 1453 879 1539 gemini.
927 1453 973 1519 sin
998 1453 1112 1519 ultima
1134 1454 1247 1539 primis

296 1583 338 1628 ris
351 1559 549 1646 respondent
571 1559 757 1645 pariterque
779 1559 854 1641 illis,
876 1546 962 1645 quae
984 1561 1132 1646 proxima
1155 1560 1291 1645 fulgent,

352 1673 385 1733 et
405 1666 514 1733 media
537 1666 683 1753 aequatis
707 1672 880 1732 censentur
902 1666 1027 1734 uiribus
1050 1674 1138 1733 aetra

350 1776 608 1861 praecipuosque
629 1780 748 1861 gerunt
769 1775 927 1841 uarianda
950 1775 992 1841 ad
1016 1783 1163 1861 tempora
1185 1781 1300 1841 motus.

350 1882 413 1947 bac
436 1881 508 1947 uice
530 1881 701 1947 discedunt
723 1887 835 1948 noctes
858 1881 900 1947 ad
923 1882 1031 1947 sidera
1053 1883 1199 1963 brumae,

348 1990 569 2075 tollunturque
593 1988 673 2069 dies,
696 1990 840 2076 annique
861 1990 1035 2055 iuuertitur
1058 1989 1155 2073 orbis,

295 2121 337 2164 rae
350 2096 521 2163 solstitium
545 2096 629 2161 tardi
651 2117 727 2161 cum
749 2098 786 2161 lit
808 2096 869 2161 sub
892 2096 998 2163 sidere
1022 2096 1145 2177 caneri;

350 2212 492 2289 tuncque
514 2204 600 2269 diem
623 2203 759 2270 brumae
781 2225 846 2269 nex
869 2211 999 2289 aequat,
1021 2210 1168 2291 tempora
1191 2206 1293 2271 noctis

349 2312 448 2397 longa
470 2312 539 2376 dies
562 2312 741 2398 similiaque
763 2311 858 2392 redit,
882 2333 978 2398 quem
1004 2318 1153 2377 creuerat
1175 2318 1258 2377 actu.

320 2465 324 2473 -
402 2420 459 2485 illa
481 2420 578 2485 etiam
601 2421 721 2505 peterit
743 2439 880 2485 nascens
904 2420 958 2483 uia
981 2419 1099 2485 ducere
1123 2420 1163 2483 ad
1188 2427 1320 2501 astrum,

310 2530 319 2547 ‘
348 2528 435 2615 quod
459 2527 653 2613 quandoque
676 2526 769 2592 uadis
792 2526 947 2593 emissum
971 2526 1115 2592 redditur
1137 2527 1218 2592 orbi.

293 2658 335 2702 sss
349 2656 425 2700 narn
448 2640 548 2720 quota
570 2635 611 2699 sit
632 2634 724 2714 lucis,
749 2636 775 2699 ei
799 2634 871 2699 luce
894 2633 1079 2720 requiritur,
1102 2632 1192 2715 hora,

347 2743 483 2829 aspicies
506 2747 605 2827 atque
627 2741 714 2805 hunc
737 2761 909 2807 numerum
932 2741 1100 2807 renobabis
1123 2742 1156 2805 in
1180 2741 1286 2825 ipsum

347 2850 565 2937 multiplicans
588 2847 719 2915 deciens
742 2848 876 2915 adiectis
898 2850 1031 2936 insuper
1054 2848 1175 2913 eisdem

348 2958 491 3044 quinque
513 2964 622 3036 tamen
645 2957 795 3037 summie3
819 2957 897 3042 quia
919 2957 1147 3042 qualicumque
1170 2955 1230 3021 sub
1254 2955 1334 3021 hora

347 3064 534 3151 tarquinus
557 3064 671 3130 mundi
693 3085 728 3130 se
751 3064 909 3129 extollunt
932 3064 1039 3130 sidera
1061 3068 1179 3149 partes.

292 3172 398 3239 embic
422 3172 477 3237 ubi
500 3172 680 3237 constiterit
703 3192 868 3254 numerus,
892 3172 1088 3257 coniungere
1112 3170 1249 3253 stillas,

347 3300 430 3365 quae
454 3285 606 3363 superent
628 3279 761 3345 Phoebo
785 3285 894 3365 partae
918 3300 976 3364 per
999 3279 1102 3365 signa,
1126 3284 1298 3343 memento.

345 3408 386 3451 ex
408 3386 470 3451 bac
492 3386 632 3452 tricenae
654 3407 782 3453 summa
805 3408 864 3472 per
886 3385 994 3451 sidera
1015 3392 1124 3471 partes

345 3493 519 3559 distribues
541 3493 746 3579 primamque
769 3494 883 3575 uicem,
909 3514 973 3579 quo
996 3491 1148 3557 Phoebus
1172 3493 1205 3557 in
1229 3498 1314 3557 astro

345 3600 482 3681 fulserit,
504 3599 580 3666 inde
604 3600 687 3679 aliis,
710 3600 812 3666 solem
835 3620 1060 3686 quaecumque
1083 3604 1267 3685 aequentur.

287 3730 329 3775 eac
342 3715 411 3774 tum
433 3730 498 3794 que
520 3707 674 3774 subsistet
697 3727 850 3773 numerus
874 3713 1083 3793 consumptus
1105 3707 1138 3771 in
1163 3713 1260 3787 astra,

290 3907 344 3961 466
363 3904 537 3974 triplicitate
554 3905 693 3959 croatiae
712 3932 746 3941 -
765 3905 817 3959 467
837 3902 1009 3973 duplicante
1027 3930 1060 3939 —
1078 3903 1140 3969 468,
1156 3902 1208 3957 469
1226 3901 1292 3971 poet
1310 3902 1364 3955 474
1381 3900 1442 3956 ino
1460 3928 1493 3938 -

181 4003 237 4061 irc
255 3996 513 4069 nabar-uc
531 3988 627 4071 quoti
645 4003 758 4071 qaam
777 4005 894 4071 quorge
908 4001 1008 4055 -473
1026 4000 1225 4069 amanam
1244 4000 1342 4054 -474
1358 4000 1494 4069 ,remisig

178 4103 332 4176 oasim
351 4128 385 4139 -
403 4102 455 4155 rur
476 4104 530 4157 cen
544 4099 606 4167 var
626 4129 660 4137 -
679 4087 820 4166 478461
841 4099 907 4153 rea
919 4112 948 4153 m
968 4098 1140 4153 ceserano
1163 4098 1201 4153 ac
1218 4099 1341 4153 sceno
1360 4096 1493 4165 (auem

180 4198 426 4265 rdmacm-ttl
438 4197 916 4267 teneque-ratme-ente
926 4194 978 4251 483
988 4196 1158 4251 alteraretio
1167 4196 1327 4251 inminuti
1335 4195 1493 4264 hcramgm

180 4298 192 4353 l
211 4297 255 4369 (in
273 4294 377 4365 marg.)
400 4328 437 4337 -
458 4296 512 4351 488
531 4300 658 4351 manen
671 4294 703 4349 lc
720 4324 756 4332 -
773 4296 826 4350 486
845 4294 989 4363 sapidae
1013 4323 1046 4332 —
1069 4295 1120 4349 487
1144 4293 1298 4363 multiplica
1311 4307 1376 4362 ..g
1398 4293 1492 4349 malti·

178 4394 312 4467 plicatisl
327 4394 577 4464 multiplicantem
599 4391 706 4462 dcccllg
727 4390 896 4448 dmonslcm
918 4388 1099 4446 cerealem
1118 4392 1245 4461 iiedemg
1264 4394 1299 4429 -'
1314 4372 1491 4447 tttsamllel

179 4495 297 4549 mec
318 4492 433 4547 mma
445 4506 500 4560 gm
523 4518 557 4530 -
581 4490 634 4545 cae
657 4508 706 4547 m
723 4490 854 4545 arcuato
878 4518 911 4527 -
934 4490 988 4544 reo
1010 4469 1155 4558 macab
1173 4494 1198 4544 a
1214 4488 1225 4543 1
1249 4490 1390 4559 anime
1408 4494 1433 4545 a
1450 4502 1491 4557 gc

179 4592 325 4661 maturare
343 4594 411 4647 clm
428 4586 1157 4655 -491mme2tao--4922emmac0partbm
1176 4614 1208 4623 -
1224 4588 1276 4641 495
1297 4590 1355 4641 tarr
1373 4600 1490 4655 quegm

178 4707 242 4745 cam
259 4706 313 4758 que
324 4686 364 4743 lc.

233 4810 342 4855 ltaniilur.
363 4810 379 4851 1.
1385 4790 1400 4843 6
