3642 5259
667 409 755 467 biber
774 410 822 467 lll.
860 412 1010 467 tol-323.

347 628 417 693 eius
440 627 473 692 iu
497 627 682 713 exemplum
705 649 740 693 se
762 628 857 715 signu
880 628 1048 715 sequentia
1072 632 1211 693 uertunt.

292 758 334 803 ses
347 736 428 801 haeo
452 736 506 801 ubi
530 736 732 801 constiterint
755 736 903 821 uigilauti
928 736 1056 801 condita
1078 742 1197 818 monte,

348 845 412 909 iem
436 843 532 909 ieoile
555 850 604 909 est
627 845 684 925 sio,
708 844 793 930 quod
818 844 1012 929 quandoque
1035 844 1228 929 horoscopet
1251 849 1383 924 astrum,

347 972 491 1034 noscere,
515 973 589 1017 oum
612 952 710 1016 lioeet
732 952 828 1016 certis
851 952 1018 1037 surgentis
1041 952 1134 1037 signa

347 1059 465 1124 ducere
488 1060 687 1145 temporibus
708 1059 912 1145 propriisque
936 1059 1120 1125 adscribere
1141 1061 1176 1125 in
1199 1060 1296 1125 horas

346 1167 503 1252 partibus,
527 1174 563 1231 ut
585 1168 667 1232 rutio
691 1167 791 1253 siguis
814 1168 951 1233 dueatur
974 1168 1015 1232 sb
1038 1167 1111 1247 illis,

292 1275 379 1341 sooin
404 1274 476 1359 quis
498 1274 650 1340 Phoebus
673 1275 743 1357 erit,
768 1296 905 1360 quorum
929 1274 1009 1339 mihi
1032 1274 1157 1340 reddite
1181 1296 1307 1341 summe
1330 1281 1388 1354 est,

401 1383 458 1447 sed
481 1404 587 1468 neque
609 1404 668 1469 per
690 1389 793 1448 terres
817 1384 921 1447 omnis
945 1402 1097 1448 mensura
1120 1383 1246 1448 dierum

347 1491 601 1577 umbrarumque
624 1492 738 1556 eadem
762 1497 820 1571 est,
838 1488 942 1555 simili
965 1511 1026 1555 neo
1050 1496 1196 1577 tempore
1220 1510 1346 1556 summe

348 1603 528 1677 mutuutur3
552 1599 667 1663 modus
681 1604 740 1669 ¹ost
761 1600 872 1662 uerius
894 1600 1020 1663 ratione
1044 1598 1103 1663 sub
1128 1620 1201 1664 unu.

343 1726 419 1769 uum
443 1726 507 1791 quo
529 1704 660 1771 Phrixei
684 1706 845 1771 ducuntur
867 1706 991 1771 uellera
1014 1707 1098 1791 sigui

293 1834 333 1877 eos
347 1813 577 1899 obelorumque
599 1784 680 1879 dues
703 1815 871 1901 iustaeque
895 1816 1045 1880 examina
1067 1814 1180 1896 librae,

205 1900 210 1907 ⁵
348 1920 454 1985 omnia
479 1928 679 2005 consurgunt
701 1921 794 1986 binae
817 1922 862 1985 ibi
886 1922 980 2007 signu
1002 1944 1062 2007 per
1083 1922 1191 2003 horas,

348 2026 433 2112 quod
457 2028 583 2093 modius
607 2035 694 2093 reoto
717 2029 944 2115 praecingitur·
960 2028 1072 2093 ordine
1096 2029 1235 2094 mundus

348 2136 556 2221 aequalisque
579 2158 677 2223 super
699 2143 921 2202 transuersum
946 2137 1083 2201 uertitur
1106 2158 1208 2202 exem.

345 2242 393 2307 illi
416 2248 573 2329 perpetuu
595 2245 775 2330 iunguntur
796 2265 876 2331 paee
900 2244 1015 2309 diebus

294 2370 334 2415 uo
348 2348 505 2415 obscurae
528 2357 655 2431 uootes;
679 2372 783 2437 aequo
807 2357 870 2416 stat
892 2350 1024 2416 foedere
1048 2357 1190 2438 tempus3

347 2478 407 2521 neo
431 2458 603 2523 manifeste
625 2464 715 2544 petet
737 2458 809 2523 fulsi
834 2458 964 2524 sulluoiu
988 2458 1111 2541 mundi,

347 2564 404 2628 sed
428 2564 540 2630 similis
563 2565 661 2629 simili
684 2570 750 2630 toto
774 2588 838 2630 nox
862 2565 1007 2631 redditur
1031 2586 1125 2630 anuo.

348 2672 496 2737 omnibus
520 2678 694 2737 autumnus
717 2674 827 2758 siguis,
852 2694 911 2737 uer
934 2673 1084 2738 omnibus
1108 2696 1218 2756 uuum,

349 2800 413 2844 uua
435 2780 522 2865 quod
545 2781 673 2866 aequali
695 2781 851 2845 lustretur
873 2779 960 2845 liueu
982 2780 1124 2847 Phoebo.

294 2907 407 2953 3151100
431 2888 532 2952 refert
553 2894 639 2969 tuno,
665 2910 728 2973 quo
752 2886 904 2953 Phoebus
929 2887 1079 2953 decurret
1099 2889 1132 2953 in
1158 2895 1254 2970 astro,

347 2995 538 3061 litoreumue
562 3002 681 3081 ooquut
703 3018 855 3061 oauerum
880 3003 1035 3062 ooutrune
1058 2998 1191 3080 feratur,

347 3102 505 3169 sideribus
528 3104 643 3169 mediis
667 3125 708 3169 eu
733 3111 916 3191 quaesunt
940 3111 1092 3191 quattuor
1113 3106 1207 3170 iuter.

347 3212 433 3297 quod
458 3234 654 3299 quamquem
677 3234 737 3299 per
759 3214 818 3279 tris
841 3215 1009 3298 signorum
1033 3214 1171 3279 oiroulus
1195 3235 1289 3279 urous

347 3318 495 3404 obliquus
519 3322 632 3402 iaceat,
656 3328 744 3387 reoto
769 3327 878 3386 temen
901 3322 1013 3386 ordine
1037 3343 1136 3387 zonae

294 3447 335 3491 eso
348 3434 548 3512 consurgunt
570 3450 732 3516 supraque
756 3435 854 3515 caput
875 3430 1049 3515 subterque
1073 3429 1221 3494 feruutur

346 3541 379 3599 et
401 3536 533 3620 paribus
556 3538 667 3622 spatiis
689 3560 749 3623 per
772 3539 900 3623 singula
921 3538 1024 3603 lustru
1046 3544 1230 3623 resurgunt,

347 3665 385 3708 ao
408 3643 491 3709 bene
514 3644 619 3710 diuiso
643 3645 782 3710 muudus
805 3646 884 3710 latet
907 3647 985 3712 orbo
1008 3652 1170 3733 patetque.

348 3757 382 3814 at
403 3752 499 3817 simul
523 3774 562 3817 ex
585 3752 641 3817 illu
664 3761 823 3819 terrerum
847 3760 938 3839 perte
962 3755 1105 3836 recedas,

296 4048 348 4101 294
366 4047 483 4103 sursise
502 4082 528 4089 -
553 4049 605 4104 295
626 4045 695 4103 ubil
714 4076 745 4086 -
765 4050 816 4103 296
835 4049 860 4103 ei
877 4050 975 4118 quode
993 4050 1098 4105 torosoo
1114 4064 1253 4119 perm-
1269 4050 1319 4103 093
1339 4052 1498 4103 noeoeretm

182 4145 306 4215 mquam
323 4144 439 4214 riquieo
464 4176 498 4184 -
522 4150 574 4203 298
592 4146 796 4217 proprioeqroeo
814 4147 976 4217 aeoribmg
993 4148 1098 4203 adnuo
1118 4182 1150 4191 -
1170 4150 1223 4203 300
1241 4161 1333 4216 qscoeo
1352 4156 1497 4215 musmo

184 4243 256 4298 milri
274 4256 364 4311 omg
383 4272 415 4281 -
436 4247 504 4299 aute
521 4245 570 4301 301
592 4244 861 4301 &inclinationibus
881 4245 977 4301 muudi
989 4260 1042 4313 gru
1066 4246 1097 4301 iu
1117 4244 1232 4315 merg.l
1252 4274 1284 4283 —
1307 4246 1357 4300 301
1378 4244 1497 4298 omniuo

185 4342 652 4412 rationeo—dfflnumquumlm
672 4350 713 4400 nii
732 4335 778 4415 do
796 4360 902 4415 nuqu
918 4342 1238 4413 friueigpbrioeeilcm
1254 4372 1285 4381 -
1299 4344 1352 4398 306
1369 4342 1497 4398 ubio—

185 4440 239 4496 307
252 4438 348 4508 quode
359 4468 391 4477 -
402 4442 454 4495 300
467 4440 545 4509 mog
560 4442 601 4496 illi
610 4458 632 4493 ro
649 4443 798 4513 iunqentur
808 4459 836 4499 m
852 4443 1003 4513 iunqautur
1011 4456 1033 4493 o
1043 4470 1076 4481 -
1087 4444 1140 4497 310
1152 4442 1329 4497 obsecrarem
1340 4441 1414 4510 foere
1424 4456 1453 4495 m
1465 4468 1497 4477 ·-

185 4540 240 4594 313
252 4552 326 4593 uoco
342 4554 439 4593 ouuoo
458 4568 491 4577 —
509 4542 562 4595 313
573 4541 709 4597 acuminis
718 4556 746 4595 m
761 4570 794 4579 —
807 4543 860 4597 315
873 4539 991 4610 reserqtl
1007 4556 1098 4609 resque
1109 4542 1173 4594 etm
1191 4538 1280 4609 qrmdl
1298 4538 1444 4593 mestraim
1462 4570 1497 4579 —

185 4634 587 4705 3161ittoreomueglitoreom
598 4638 745 4708 ueooquutl
757 4644 908 4709 ueqiioquut
918 4654 943 4693 m
961 4666 993 4675 -
1008 4638 1059 4692 317
1074 4636 1157 4691 modis
1168 4652 1194 4691 m
1211 4640 1298 4692 uoto
1314 4662 1345 4671 -
1360 4636 1414 4687 313
1427 4626 1496 4690 triel

186 4734 238 4790 trie
250 4746 274 4785 ω
293 4761 327 4770 -
346 4734 398 4788 319
416 4733 560 4802 obliquoeo
578 4737 690 4792 ordinae
703 4751 731 4790 m
753 4766 784 4773 -
805 4738 857 4791 320
876 4745 1012 4805 terrorque
1029 4750 1046 4791 o
1066 4763 1098 4771 -
1119 4734 1176 4787 323*
1190 4722 1258 4789 ubl
1276 4729 1408 4787 adsimilis
1422 4746 1458 4786 m.
