3642 5259
670 854 736 957 M.
774 854 1081 959 MANILII

584 1050 1163 1156 AS'PRONOMIOON

697 1338 839 1415 LIBER
866 1338 1050 1417 PRIMUS

381 1554 542 1656 (dormine
564 1590 692 1655 diuinas
716 1596 802 1655 artes
825 1598 857 1655 et
880 1592 1010 1656 conscia
1033 1590 1090 1655 fati

380 1697 487 1762 sidera
509 1698 656 1763 diuersos
679 1698 846 1763 homiuum
872 1698 1034 1764 uariantie
1057 1719 1160 1778 cesus,

380 1805 526 1871 caelestis
550 1806 683 1870 rationis
707 1827 799 1892 opus,
822 1806 984 1871 deducere
1006 1804 1128 1870 mundo

379 1913 552 1999 aggredior
574 1914 762 1999 primusque
786 1914 878 1979 nouis
903 1912 1063 1979 Helicona
1086 1934 1218 1978 mouere

349 2018 526 2086 'ocentibus
550 2027 582 2085 et
606 2020 701 2086 uiridi
725 2023 867 2087 nutantis
891 2023 1013 2087 uertice
1037 2022 1136 2087 siluas

379 2128 508 2215 hospita
530 2149 623 2195 sacra
645 2129 754 2195 ferens
778 2130 859 2194 nulli
882 2135 1062 2195 memorata
1085 2130 1239 2214 priorum.

378 2237 465 2302 hunc
489 2236 566 2302 mihi
590 2242 636 2319 tu,
660 2235 790 2317 Caesar,
815 2238 940 2323 patriae
963 2239 1179 2323 princepsque
1201 2243 1366 2322 paterque,

379 2344 433 2430 qui
457 2345 545 2429 regis
569 2346 715 2429 augustis
738 2351 906 2432 parentem
929 2346 1056 2430 legibus
1079 2344 1192 2409 orbem

380 2471 633 2538 concessumque
657 2454 741 2538 patri
764 2453 922 2518 mundum
946 2453 1026 2517 deus
1049 2454 1118 2537 ipse
1141 2451 1286 2529 mereris,

339 2580 364 2621 ro
378 2557 437 2623 das
460 2560 605 2624 animum
630 2560 781 2645 uiresque
804 2560 892 2624 ercis
917 2559 957 2623 ed
982 2565 1073 2624 tanta
1095 2558 1251 2624 canenda.

369 2666 443 2739 ‚iam
467 2667 664 2751 propiusque
688 2667 778 2731 fauet
801 2666 942 2731 mundus
965 2666 1182 2731 scrutantibus
1205 2666 1312 2751 ipsum

379 2778 411 2837 et
434 2773 523 2858 cupit
546 2773 707 2839 aetherios
730 2794 789 2859 per
812 2774 958 2838 carmina
981 2774 1125 2859 pandere
1148 2795 1273 2838 census.

380 2880 442 2945 hoc
466 2881 525 2945 sub
549 2900 629 2966 pace
654 2886 750 2945 uacat
772 2886 908 2945 tentum.
957 2883 1048 2947 iuuat
1069 2882 1116 2947 ire
1139 2902 1198 2966 per
1221 2880 1328 2965 ipsum

379 3008 456 3051 aera
479 2994 511 3052 et
533 2988 679 3053 inmenso
704 2989 897 3074 spatiantem
922 2989 1035 3053 uiuere
1059 2990 1148 3054 caelo

340 3118 364 3159 15
378 3095 535 3181 signaque
559 3101 592 3159 et
614 3096 767 3162 aduersos
792 3096 959 3163 stellarum
983 3118 1118 3162 noscere
1142 3118 1263 3161 cursus.

379 3202 464 3287 quod
488 3204 592 3268 solum
617 3205 747 3269 nouisse
769 3226 884 3290 perum
909 3210 966 3269 est.
1015 3205 1192 3290 impensius
1216 3204 1286 3289 ipsa

380 3311 461 3375 scire
484 3312 576 3375 iuuat
599 3313 709 3395 magni
732 3312 861 3397 penitus
885 3313 1076 3397 praecordia
1099 3312 1221 3392 mundi,

380 3438 507 3504 quaque
531 3425 624 3504 reget
645 3426 842 3505 generetque
867 3421 933 3485 suis
957 3420 1112 3485 animalia
1134 3419 1246 3504 signis,

381 3545 513 3591 cernere
536 3526 625 3591 etin
647 3548 819 3592 numerum
844 3525 976 3593 Phoebo
1000 3527 1188 3592 modulante
1210 3527 1341 3591 reterre.

341 3654 367 3695 ro
381 3632 459 3698 bina
480 3632 559 3699 mihi
583 3635 695 3719 positis
718 3635 828 3699 lucent
850 3635 967 3699 altaria
989 3634 1139 3717 flammis,

381 3741 509 3807 adduc
533 3742 654 3828 templa
676 3763 792 3828 precor
813 3742 933 3827 duplici
959 3742 1176 3808 circumdatus
1200 3748 1291 3807 aestu

380 3848 533 3914 carminis
556 3856 589 3913 et
611 3870 734 3914 rerum:
759 3855 848 3915 certa
870 3870 945 3914 cum
968 3850 1040 3935 lege
1063 3856 1234 3915 canentem

380 3955 521 4021 mundus
545 3964 577 4021 et
600 3956 746 4022 inmenso
772 3964 879 4021 uatem
903 3957 1141 4042 circumstrepit
1164 3958 1241 4023 orbe

380 4063 499 4149 uixque
523 4064 628 4130 solute
651 4066 717 4129 suis
741 4065 873 4129 inmittit
898 4065 998 4130 uerba
1020 4065 1143 4149 figuris.

340 4192 366 4234 25
381 4192 477 4256 quem
501 4171 641 4257 primum
665 4172 800 4236 interius
824 4172 916 4236 licuit
939 4155 1134 4257 cognoscere
1157 4172 1251 4237 terris

329 4366 342 4418 l
367 4370 441 4422 arce
462 4366 544 4435 glou
568 4394 601 4403 -
625 4368 642 4421 3
663 4369 789 4422 nutantis
807 4366 859 4437 lu2
877 4368 1015 4423 imitmetis
1027 4381 1063 4436 ul
1084 4395 1117 4405 -
1139 4368 1172 4422 10
1189 4368 1295 4435 scotto
1318 4394 1351 4403 -
1374 4367 1405 4420 15
1419 4366 1535 4436 propius

220 4464 566 4533 mundsequescuatu—
584 4465 802 4520 121111111ωο-
819 4466 850 4519 13
869 4464 950 4520 hccu
968 4470 1083 4533 cccatg
1100 4469 1213 4521 acceto
1232 4464 1533 4531 mmmmm

220 4560 313 4627 (uocat
326 4565 435 4617 tactam
445 4575 517 4616 corr.
528 4562 558 4617 in
569 4576 661 4631 marg.
670 4576 689 4616 11
695 4562 716 4631 1)
728 4590 761 4599 -—
775 4564 807 4617 18
816 4577 964 4633 qaacqueo
976 4592 1008 4600 -
1020 4566 1051 4618 19
1063 4565 1242 4619 innumeram
1254 4577 1274 4618 u
1284 4590 1317 4599 -
1328 4563 1360 4615 21
1376 4565 1437 4641 cetu
1450 4559 1486 4614 lu
1500 4586 1533 4595 -

220 4658 252 4736 21
268 4660 369 4714 circum
380 4674 411 4731 u,
429 4660 532 4714 cimon
542 4674 573 4729 ul
592 4658 635 4727 (in
647 4674 737 4728 marg.
748 4660 851 4726 rerum)
865 4679 959 4715 rerum
969 4678 991 4713 or
1006 4690 1038 4698 -
1052 4662 1087 4715 23
1099 4660 1241 4715 inmeron
1254 4689 1287 4699 -
1299 4660 1333 4713 24
1345 4657 1464 4713 inmittit
1474 4654 1485 4709 l
1501 4684 1533 4691 -

220 4758 254 4811 25
275 4756 361 4813 lacuit
379 4774 406 4825 g.

273 4880 380 4924 1111111111.
404 4882 419 4924 1.
1428 4858 1440 4909 l
