3642 5259
618 416 621 425 ¹
787 402 873 460 moer
892 403 915 459 1.
936 380 1101 459 'reo-res.

399 644 440 687 roo
453 627 550 707 atque
574 621 672 686 Asiae
695 626 808 707 gentes
830 626 864 705 ,et
886 619 1005 706 Magno
1030 618 1171 684 maxima
1192 618 1299 700 Pella3

453 729 573 814 quique
595 729 695 793 animi
718 730 805 793 uires
828 734 860 793 et
883 728 1010 793 strictas
1032 728 1175 814 pondere
1197 732 1323 792 mentes

453 836 627 921 prudentes
649 836 792 901 habuere
815 836 888 919 uiri,
912 834 1029 922 quibus
1052 835 1157 900 omnis
1179 834 1213 899 in
1236 833 1315 920 ipsis

454 965 569 1009 census
593 950 671 1025 erat,
696 945 863 1030 iustusque
885 944 985 1009 Solon
1008 942 1164 1029 fortisque
1186 942 1365 1029 Lycurgus,

454 1051 680 1137 aetheriusque
703 1051 820 1117 Platon
844 1056 876 1116 et
899 1052 955 1137 qui
977 1050 1195 1115 fabricauerat
1216 1050 1308 1113 illum

400 1180 440 1225 777
454 1160 690 1245 damnatusque
713 1182 789 1225 suas
812 1158 928 1224 melius
951 1158 1120 1224 damnauit
1141 1156 1298 1239 Athenas,

454 1266 596 1332 Persidis
619 1274 652 1331 et
674 1268 787 1347 uictor,
811 1273 929 1332 strarat
951 1288 1035 1352 quae
1057 1265 1214 1331 elassibus
1236 1286 1368 1350 aequor.

455 1372 659 1459 Romanique
682 1375 755 1455 uiri,
780 1395 917 1459 quorum
939 1376 1005 1439 iam
1028 1374 1170 1438 maxima
1192 1371 1288 1438 turha
1310 1379 1372 1437 est:

456 1480 697 1567 Tarquinioque
720 1483 826 1547 miuus
850 1504 954 1567 reges,
979 1489 1012 1547 et
1034 1480 1172 1546 Horatia
1193 1481 1311 1567 proles,

435 1588 525 1653 ¹tota
549 1590 634 1655 acies
657 1596 779 1676 partus,
803 1611 863 1655 neo
886 1610 952 1655 uon
974 1595 1008 1654 et
1030 1588 1189 1654 Scaeuola
1211 1594 1325 1653 trunco

403 1720 443 1764 rao
457 1697 603 1777 nobilior,
627 1698 794 1783 maiorque
817 1698 897 1762 uiris
920 1704 952 1762 et
975 1695 1099 1763 Cloelia
1119 1698 1223 1782 uirgo,

457 1810 489 1869 et
512 1804 661 1870 Romana
684 1805 802 1886 ferens,
827 1825 910 1891 quae
934 1805 1024 1886 texit,
1046 1805 1176 1869 moenia
1198 1801 1323 1886 Cocles,

457 1918 489 1976 et
513 1912 699 1977 commilitio
723 1913 864 1977 uolucris
887 1912 1049 1978 Coruinus
1072 1913 1208 1999 adeptus

457 2026 489 2083 et
512 2019 614 2106 spolia
636 2026 669 2084 et
691 2041 820 2103 nomeu,
844 2022 899 2106 qui
923 2026 1028 2106 gestat
1050 2020 1083 2085 iu
1108 2021 1184 2085 alite
1206 2018 1386 2101 Phoebum,

458 2134 490 2191 et
512 2126 591 2192 Ioue
615 2129 670 2212 qui
693 2129 812 2193 meruit
835 2130 960 2193 caelum
984 2128 1188 2214 Romamque
1212 2125 1369 2192 Camillus

404 2256 445 2298 rso
459 2235 619 2301 seruando
641 2236 759 2320 posuit,
782 2234 969 2322 Brutusque
991 2258 1013 2301 a
1034 2257 1112 2322 rege
1134 2242 1283 2322 receptae

459 2342 614 2425 conditor,
639 2349 671 2407 et
693 2342 810 2428 Pyrrhi
833 2366 891 2429 per
914 2344 1000 2410 bella
1022 2343 1173 2429 Papirius
1196 2343 1292 2424 ultor,

458 2448 626 2515 Fabricius
650 2449 831 2536 Curiusque
855 2472 949 2536 pares
973 2457 1005 2516 et
1027 2452 1123 2516 tertia
1144 2451 1254 2537 palma

459 2555 641 2640 Marcellus,
665 2556 849 2645 Cossusque
872 2559 961 2644 prior
983 2559 1024 2623 de
1047 2579 1125 2644 rege
1147 2563 1272 2638 necate,

460 2670 685 2751 certantesque
707 2665 790 2732 Deci
813 2666 897 2732 uotis
920 2667 1105 2753 similesque
1128 2666 1311 2751 triumphis,

405 2792 445 2835 rso
459 2771 662 2858 inuictusque
685 2795 777 2839 mora
798 2774 930 2856 Fabius,
955 2775 1121 2860 uictorque
1143 2774 1250 2839 necati

460 2877 573 2945 Liuius
597 2880 812 2947 Hasdrubalis
836 2884 923 2948 socio
947 2883 1113 2969 perbelle
1135 2882 1273 2962 Nerone,

462 2986 696 3074 Scipiadaeque
719 2989 829 3070 duces,
852 2989 956 3054 iatum
978 2988 1186 3075 Carthaginis
1209 3010 1319 3070 unum,

461 3092 699 3181 Pompeiusque
723 3098 808 3162 orbis
832 3098 971 3164 domitor
993 3120 1052 3183 per
1075 3098 1197 3183 trisque
1219 3096 1400 3181 triumphos

462 3207 537 3266 ante
560 3202 657 3268 deum
681 3204 840 3292 princeps,
862 3213 895 3270 et
918 3227 1017 3271 censu
1039 3205 1165 3270 Tullius
1188 3205 1252 3269 oris

408 3330 448 3372 ree
462 3311 614 3375 emeritus
638 3311 773 3392 caelum,
798 3319 829 3377 et
852 3319 897 3395 tu,
921 3312 1036 3378 Claudi
1059 3334 1178 3399 magna
1201 3332 1356 3398 propago,

462 3418 686 3504 Aemiliaeque
709 3421 823 3486 domus
846 3443 1006 3507 proceres,
1032 3421 1174 3506 clarique
1197 3420 1329 3501 Metelli,

463 3530 495 3589 et
518 3523 598 3590 Cato
622 3526 769 3593 fortunae
793 3530 907 3610 uictor,
930 3530 1107 3613 matrisque
1131 3528 1191 3594 sub
1213 3528 1312 3592 armis

463 3632 556 3698 miles
579 3635 723 3721 Agrippa
746 3658 839 3718 suae3
864 3636 1066 3722 Venerisque
1089 3636 1130 3701 ab
1153 3636 1279 3721 origine
1301 3636 1408 3721 proles

303 3761 515 3780 Q

412 3846 465 3901 770
482 3846 576 3903 balloc
593 3850 744 3920 pellolgm
765 3880 798 3889 —
818 3854 865 3907 771
888 3852 1027 3907 mentum
1046 3882 1079 3890 -
1098 3853 1152 3906 773
1169 3851 1286 3907 imaue
1303 3850 1398 3905 selom
1416 3847 1610 3917 liparem-

305 3943 597 4015 trtaeueraaqlgm
607 3948 685 4005 Pac
697 3964 771 4005 neco
783 3977 814 3987 -
826 3952 878 4004 ru
889 3948 1066 4020 eompassus
1077 3948 1312 4019 -ctampnauitlm
1328 3974 1360 3986 -
1371 3930 1612 4014 eremml

304 4042 351 4108 qui
363 4055 404 4109 go
420 4046 558 4101 strarotoa
571 4060 642 4101 corr.
656 4048 685 4102 in
698 4048 802 4104 straust
812 4066 859 4117 qut
872 4063 947 4103 m-
916 4051 1014 4103 -777
1029 4067 1076 4104 mr
1086 4049 1218 4118 laqueorum
1229 4062 1258 4101 m
1272 4048 1356 4113 (corr
1367 4043 1530 4113 uqi-'178
1547 4041 1612 4097 Ter·

304 4138 659 4214 quintoqmoratiolgc-
626 4148 722 4201 779
728 4149 850 4215 paruae
863 4140 1013 4227 οξιιοΙαΙ-
1024 4141 1653 4217 teosoeotalatetootiamsoattagc—

306 4239 357 4291 782
376 4254 437 4293 eune
454 4240 580 4298 77ιί7777οο
598 4244 719 4300 comitas
730 4246 786 4315 lgc
804 4246 924 4301 metatus
936 4261 966 4301 m
983 4246 1079 4303 metas
1091 4261 1119 4301 m
1139 4246 1359 4313 7787777ρὴ788-
1326 4243 1429 4297 -784
1448 4238 1561 4297 Μαί*
1577 4236 1613 4306 81

305 4336 428 4393 camillus
450 4354 485 4395 ex
507 4342 614 4397 oscillis
629 4359 720 4399 777-
749 4346 801 4401 785
823 4349 1024 4415 receptae
1052 4346 1104 4400 786
1123 4342 1198 4411 pem·
1213 4356 1254 4411 gc
1271 4341 1367 4409 ptrrlss'
1382 4339 1394 4395 l
1411 4338 1506 4408 ptirri
1520 4352 1549 4392 m
1579 4362 1612 4375 -

307 4436 357 4490 787
379 4437 490 4507 turimq.
508 4454 535 4495 m
550 4446 654 4509 parent
668 4441 704 4512 lg
717 4446 816 4511 potens
833 4458 860 4497 ru
876 4458 991 4511 parcae
1011 4450 1084 4497 terro
1100 4457 1129 4497 m
1151 4472 1182 4480 -
1202 4442 1254 4495 788
1271 4442 1366 4494 naua
1383 4452 1410 4493 ru
1429 4440 1520 4492 notato
1536 4451 1558 4485 ω
1578 4462 1611 4470 -

307 4534 358 4589 789
377 4534 474 4592 desito
494 4568 526 4575 —
545 4540 598 4593 790
613 4538 731 4608 flammas
743 4556 772 4596 m
788 4540 891 4609 tanim
903 4557 924 4591 ur
943 4570 975 4578 -
995 4544 1043 4596 791
1060 4538 1231 4595 Hoedrilrolie
1244 4536 1286 4591 lm
1307 4566 1338 4575 -
1355 4538 1406 4591 799
1426 4530 1612 4603 Kartrps'm'sl

305 4634 451 4703 eortuqinie
460 4651 507 4704 gm
517 4671 548 4678 —
555 4639 607 4692 793
618 4642 746 4707 cesqzag
757 4642 853 4709 triaque
863 4655 884 4690 ω
896 4674 918 4681 -
931 4642 983 4696 795
991 4638 1107 4694 Claudio
1114 4635 1171 4691 lcrn
1181 4630 1572 4703 ckudcgwlsurtiilhomas)
1579 4660 1611 4667 -

307 4736 357 4789 777
377 4733 453 4790 arao
470 4749 498 4791 m
518 4734 563 4805 (n)
581 4736 659 4794 amc
673 4726 703 4791 'm
724 4736 771 4805 (u)
790 4741 877 4794 arms
889 4754 910 4791 ω
929 4768 964 4777 -
983 4740 1035 4795 tes
1054 4736 1173 4811 mappa
1186 4749 1214 4791 m
1233 4732 1356 4807 aseae
1367 4746 1398 4787 m
1414 4731 1569 4803 amasos
1582 4744 1612 4786 ⁰¹·
