3642 5259
692 394 779 455 Liber
795 394 817 453 l.
855 398 1007 454 378-402.

408 612 516 700 aspice
538 634 625 679 nunc
647 614 734 679 infra
757 614 834 679 solis
857 614 1023 700 surgentia
1046 634 1159 678 curem

354 744 438 808 quas
462 743 560 808 super
582 728 712 788 exustae
734 722 887 788 labuntur
911 723 1018 787 sidera
1040 728 1154 804 terras,

301 852 341 893 ars
354 851 503 916 quaeque
525 830 611 895 inter
633 829 775 915 gelidum
800 830 982 916 capricorni
1005 830 1094 895 sidus
1117 838 1150 894 et
1172 851 1233 894 axe

354 938 420 1001 imo
443 937 617 1003 subnixum
639 944 811 1003 ceduntur
833 938 958 1003 lumina
980 939 1147 1019 mundum,

351 1045 456 1110 altera
477 1065 554 1130 pars
577 1045 664 1110 orbis
688 1046 747 1110 sub
770 1046 844 1131 quis
866 1046 951 1110 iacet
972 1046 1063 1110 inuis
1085 1045 1179 1111 nobis

353 1152 548 1238 ignotaeque
571 1152 739 1218 hominum
763 1159 876 1239 gentes
900 1174 960 1218 nec
982 1154 1119 1218 transita
1141 1174 1243 1239 regna

355 1281 526 1325 commune
550 1280 590 1325 ex
611 1282 675 1325 uuo
699 1262 809 1325 lumen
833 1261 985 1325 ducentia
1008 1262 1076 1326 sole

300 1388 341 1434 eso
355 1366 565 1453 diuersasque
587 1369 719 1433 umbras
741 1369 900 1453 laeuaque
926 1367 1075 1432 cadentia
1098 1369 1191 1453 signa

354 1480 387 1539 et
409 1474 539 1539 dextros
563 1480 652 1540 ortus
675 1475 766 1541 oeelo
789 1474 969 1562 spectantia
992 1496 1097 1540 uerso.

354 1602 415 1646 nec
437 1584 544 1647 minor
566 1582 700 1648 estillic
723 1583 864 1648 mundus
886 1604 947 1648 nec
970 1583 1093 1647 lumine
1115 1582 1216 1668 peior,

354 1711 415 1754 nec
438 1710 611 1755 numerosa
634 1692 741 1756 minue
763 1696 942 1756 nascuntur
964 1691 1071 1756 sidere
1094 1692 1128 1755 in
1152 1690 1272 1755 orbem.

355 1802 462 1862 cetere
485 1818 550 1863 non
574 1798 707 1879 cedunt3
731 1820 796 1864 uno
820 1799 996 1863 uincuntur
1018 1800 1050 1862 in
1075 1803 1176 1863 astro:

300 1927 341 1969 ess
354 1902 517 1987 Augusto,
541 1901 637 1969 eidus
660 1906 772 1969 nestro
796 1902 882 1985 quod
906 1901 1043 1987 contigit
1067 1902 1146 1986 orbi,

356 2007 478 2077 caesar
502 2030 592 2075 nunc
616 2009 724 2095 terris,
745 2015 822 2094 poet
846 2010 934 2076 caelo
956 2008 1129 2075 maximos
1153 2014 1276 2076 auctor.

355 2140 487 2186 cernere
511 2120 655 2186 uicinum
679 2122 817 2206 geminis
839 2122 916 2186 licet
939 2118 1071 2203 Oriona,

354 2228 386 2292 in
410 2249 564 2313 magnam
588 2229 670 2295 caeli
692 2230 878 2294 tendentem
903 2230 1057 2295 bracchia
1079 2236 1216 2315 partem,

354 2355 414 2399 nec
438 2336 545 2401 minus
569 2341 699 2402 extento
723 2343 909 2422 surgentem
934 2337 975 2402 ed
998 2337 1107 2402 sidera
1130 2358 1238 2424 passu,

301 2464 341 2506 ceo
355 2442 483 2527 singula
504 2442 658 2529 fulgentis
682 2465 810 2509 umeros
835 2445 887 2510 cui
909 2445 1035 2509 lumina
1057 2446 1197 2529 signant,

355 2556 387 2615 ct
409 2551 512 2616 tribus
536 2551 674 2637 obliquis
698 2553 856 2619 demissus
880 2552 1010 2617 ducitur
1033 2555 1127 2617 ensis.

355 2664 389 2721 at
412 2666 509 2744 caput
533 2658 635 2725 Orion
660 2661 786 2726 excelso
810 2662 971 2726 inmersus
995 2659 1134 2746 Olympo
1153 2726 1160 2741 ,

353 2786 413 2850 per
435 2766 498 2831 tria
521 2766 680 2832 subducto
703 2768 850 2853 signatur
871 2768 997 2833 lumina
1019 2768 1127 2848 uultn3

355 2893 420 2939 non
443 2874 530 2959 quod
554 2874 642 2939 clara
664 2874 782 2958 minue,
805 2876 862 2941 sed
885 2876 971 2961 quod
995 2876 1100 2961 magis
1124 2875 1190 2940 alta
1212 2874 1376 2939 recedunt.

301 3001 341 3043 seo
354 2980 416 3045 hoc
438 2980 521 3047 duce
543 3003 602 3068 per
625 2988 728 3048 totum
752 2983 929 3049 decurrunt
951 2984 1059 3049 sidera
1080 2984 1248 3047 mundum.

356 3088 563 3174 subsequitur
584 3091 698 3175 rapido
723 3098 875 3157 contenta
898 3093 1046 3157 canicula
1070 3112 1176 3172 cursu,

355 3218 420 3281 qua
444 3186 567 3263 nullum
591 3200 686 3264 terris
708 3200 883 3265 uiolentius
905 3199 1040 3264 aduenit
1063 3205 1186 3264 aeuum

355 3325 415 3369 nec
438 3305 570 3391 grauius
595 3306 693 3387 cedit3
718 3328 804 3371 nnnc
825 3307 958 3372 horrida
980 3307 1102 3391 frigore
1126 3307 1229 3391 surgit

355 3432 441 3476 nunc
465 3434 605 3478 uacuum
629 3414 688 3479 soli
711 3414 891 3500 fulgentem
916 3414 1035 3479 deserit
1058 3416 1179 3480 orbem.

300 3519 400 3583 roceio
423 3520 456 3584 in
480 3527 655 3606 utrumque
678 3528 788 3587 mouet
811 3522 968 3587 mundum
992 3528 1024 3587 et
1048 3523 1209 3587 contrarie
1232 3520 1345 3586 reddit.

355 3627 439 3691 hanc
463 3629 518 3713 qui
542 3636 739 3715 surgentem,
763 3630 868 3715 primo
892 3652 966 3694 cum
989 3630 1137 3695 redditur
1159 3636 1242 3711 ortu,

354 3734 473 3800 montis
497 3737 538 3801 ab
562 3738 689 3802 excelso
714 3738 922 3823 speculantur
945 3739 1067 3803 uertice
1089 3737 1201 3817 Tauri,

302 3950 354 4005 373
372 3948 481 4005 iatrao
505 3950 659 4019 capricorni
674 3950 777 4006 aocet
792 3966 819 4005 m
840 3950 882 4017 (in
902 3966 995 4020 marg.
1015 3951 1100 4019 corr.)
1117 3966 1231 4006 aaeemo
1256 3978 1288 3988 -
1312 3951 1365 4006 376
1382 3949 1508 4018 dckrag

193 4046 331 4101 luminco'
350 4048 485 4104 mrmdum
501 4063 521 4118 g
538 4048 638 4104 mmrdo
651 4064 672 4100 o
686 4078 719 4087 -
733 4050 785 4103 377
803 4049 852 4104 cut
867 4046 888 4119 tit
903 4051 972 4105 iacet
984 4065 1004 4119 g
1017 4050 1106 4119 (cquis
1117 4049 1185 4105 add.
1198 4049 1230 4105 in
1244 4062 1334 4118 marg.
1348 4062 1425 4103 man.
1439 4049 1509 4115 rec.)

193 4144 240 4200 sub
258 4146 319 4215 quis
336 4146 443 4201 tacete
462 4181 497 4188 —
516 4149 570 4203 380
588 4148 739 4217 lcuaqucm
758 4148 931 4218 terramquere
952 4150 1048 4203 -381
1068 4148 1284 4217 οεὶοεριωαπΐία
1303 4162 1330 4201 m
1351 4181 1385 4189 -
1404 4148 1457 4202 383
1475 4147 1508 4202 in

193 4244 330 4311 orbqo-
346 4246 397 4299 385
417 4245 515 4314 quode
534 4274 567 4284 -
583 4248 636 4303 388
656 4246 837 4304 tcodcrrtemo
853 4249 951 4302 —389
969 4246 1083 4301 mdcral
1101 4246 1282 4302 adddaam
1302 4246 1508 4314 onnadgo-

194 4343 247 4397 390
264 4342 391 4411 fulgeatis
403 4358 432 4398 m
453 4344 587 4413 satyrata
599 4360 620 4396 o
643 4344 767 4401 tumeas
779 4344 815 4413 lg
838 4319 945 4401 irmeroe
957 4360 985 4399 m
1006 4374 1038 4382 —
1061 4346 1114 4399 392
1133 4361 1233 4399 acesco
1247 4359 1274 4398 m
1299 4346 1402 4413 (marg.
1423 4342 1508 4410 corr.)

193 4440 373 4495 tamensium
392 4442 610 4507 immanior
638 4474 671 4483 -
700 4445 752 4498 393
771 4444 962 4513 α’ςηαπιανηι
990 4470 1024 4481 ·-
1052 4443 1106 4497 394
1123 4444 1279 4497 recedanto
1304 4470 1337 4479 -
1361 4444 1414 4498 398
1431 4456 1508 4496 acco

193 4537 303 4593 terr-ido
325 4538 360 4607 gl
395 4540 485 4595 orrida
509 4556 535 4595 rn
563 4542 690 4609 eumitg
719 4540 807 4610 sumit
828 4560 850 4595 ω
872 4576 906 4584 -
929 4544 981 4597 399
1004 4539 1079 4594 Haec
1097 4540 1155 4609 lgc
1179 4559 1212 4595 na
1230 4556 1258 4594 m
1284 4540 1346 4595 sotis
1360 4541 1509 4610 frigentem

193 4636 294 4691 &serit
315 4652 332 4690 o
360 4640 524 4709 sequuntur
553 4639 581 4693 in
605 4654 622 4694 o
651 4636 714 4693 ‘Hic
735 4637 815 4693 inter'
829 4670 858 4681 -
875 4641 964 4695 sidera
987 4639 1057 4693 cacto
1083 4640 1224 4693 499-399
1249 4665 1281 4674 -
1306 4638 1356 4691 401
1387 4638 1434 4706 qut
1455 4649 1508 4702 gru

194 4752 276 4803 quem
295 4734 335 4789 lc.
