3642 5259
792 410 878 468 mear
897 412 952 469 m.
988 414 1138 469 aes-eos.
1242 397 1243 401 '

474 630 576 694 donee
600 630 642 694 ad
665 630 807 696 ardentis
829 636 1017 716 pugnarunt
1040 631 1146 696 sidera
1169 632 1287 712 caneri,

421 744 572 822 meatque
596 738 640 802 ibi
664 740 828 804 conuersis
852 740 978 803 uicibus
1002 745 1166 803 mutantur
1189 740 1222 803 in
1246 740 1342 804 horas

474 845 640 927 brumalis,
662 853 854 932 noctemque
878 848 948 912 dies
970 848 1141 933 lucemque
1165 848 1318 913 tenebrae

475 953 647 1052 hibernam
666 953 810 1018 referunt
833 955 1023 1040 alternaque
1045 962 1192 1040 tempora
1216 956 1350 1020 uincent

474 1082 560 1125 nunc
583 1060 645 1126 huc
669 1082 754 1126 nune
778 1062 854 1127 illuc
877 1062 1032 1148 gradibus
1055 1084 1113 1149 per
1136 1063 1243 1127 sidera
1266 1064 1362 1127 certis

475 1168 648 1253 impulsee;
673 1191 809 1256 quarum
832 1171 916 1235 ratio
940 1170 1113 1235 manifesta
1135 1192 1194 1255 per
1216 1177 1319 1236 artem

420 1298 461 1341 am
475 1276 610 1341 collecta
632 1283 681 1341 est
703 1278 877 1362 uenietque
900 1299 958 1342 suo
982 1300 1041 1363 per
1063 1278 1208 1343 carmina
1232 1284 1330 1343 textu.

473 1391 569 1469 atque
592 1386 673 1450 haee
696 1392 745 1450 est
769 1386 840 1450 illas
863 1386 994 1451 demum
1019 1408 1170 1480 mensura
1193 1408 1251 1472 per
1274 1408 1358 1467 oras,

475 1514 555 1577 quas
579 1494 664 1579 rigat
686 1494 819 1558 aestiuis
842 1494 997 1578 grauidus
1022 1495 1216 1559 torrentibus
1241 1494 1344 1559 amnis

474 1598 567 1667 Nilus
591 1609 623 1666 et
645 1622 820 1687 erumpens
843 1603 987 1666 imitatur
1011 1602 1116 1666 sidera
1139 1600 1251 1666 muudi

474 1729 533 1793 per
556 1715 679 1794 septem
702 1708 813 1774 fauces
835 1716 933 1794 atque
957 1730 1014 1773 ora
1037 1710 1185 1794 fugantia
1208 1715 1351 1794 pontum.

421 1836 461 1881 ma
475 1836 561 1879 nunc
584 1838 655 1902 age,
679 1822 758 1903 quot
780 1817 891 1881 stadiis
915 1824 947 1881 et
971 1824 1090 1903 quanto
1114 1824 1258 1902 tempore
1282 1824 1417 1903 surgant

476 1924 582 1989 sidera
606 1945 734 2009 quoque
757 1924 884 2007 cadant,
909 1927 1016 1989 animo
1041 1946 1199 2010 cognosce
1224 1926 1343 2010 sagaci,

476 2054 517 2096 ue
540 2033 714 2118 magnoin
738 2033 892 2097 breuibus
916 2040 1050 2119 pereant
1074 2032 1265 2118 compendia
1289 2033 1392 2098 dictis.

475 2139 583 2203 nobile
606 2140 744 2224 lanigeri
767 2141 866 2223 sidus,
891 2142 977 2226 quod
1003 2148 1119 2206 cuncta
1141 2148 1329 2227 sequuntur,

476 2247 560 2311 dena
582 2254 697 2333 quater
720 2240 824 2312 stadia
847 2250 1005 2333 exoriens,
1030 2250 1257 2334 duplicataque
1280 2249 1369 2313 ducit

422 2374 550 2417 aeacum
574 2354 675 2435 cadit3
699 2362 796 2440 atque
818 2356 932 2421 horam
957 2378 1093 2441 surgens
1116 2358 1250 2442 eiusque
1273 2357 1422 2420 trientem

476 2468 625 2547 occupat;
651 2463 803 2527 occiduus
826 2464 985 2547 geminat3
1011 2486 1082 2527 eum
1108 2470 1215 2529 cetera
1238 2465 1332 2548 sigua

477 2569 600 2634 octonis
624 2578 774 2635 creseunt
798 2572 909 2636 stadiis
933 2573 1071 2637 orientia
1093 2572 1125 2636 in
1150 2573 1260 2637 orbem

476 2682 509 2739 et
532 2677 664 2741 totidem
689 2680 841 2743 amittunt
863 2680 987 2763 gelidas
1012 2680 1180 2764 uergentia
1202 2680 1235 2743 in
1261 2679 1400 2743 umbras.

476 2783 556 2848 hora
580 2806 664 2849 nouo
689 2788 804 2850 erescit
826 2808 885 2872 per
907 2788 1036 2872 singula
1058 2789 1151 2872 signa
1174 2787 1364 2872 quadrante,

423 2912 464 2955 aea
478 2892 636 2977 tertiaque
659 2894 692 2956 in
716 2896 832 2991 quinas
855 2915 931 2980 pars
955 2897 982 2959 si
1005 2896 1166 2960 diducitur
1190 2896 1269 2958 eius.

476 2998 557 3063 haec
581 3001 718 3064 suntad
743 3001 846 3065 librae
869 3002 958 3065 sidus
982 3004 1187 3087 surgentibus
1211 3004 1306 3066 astris

476 3106 690 3188 incrementa3
714 3110 786 3193 pari
810 3117 973 3174 momento
997 3110 1117 3175 damna
1141 3109 1323 3191 trahuntur,

478 3235 551 3277 cum
575 3214 716 3279 subeunt
739 3218 849 3281 orbem
872 3238 1047 3303 rursusque
1073 3240 1092 3281 a
1115 3218 1220 3282 sidere
1243 3217 1346 3281 librae

478 3320 591 3385 ordine
614 3328 738 3387 mutato
762 3325 893 3410 paribus
917 3348 975 3411 per
998 3334 1145 3411 tempora
1168 3346 1264 3389 uersa

423 3450 463 3491 mo
478 3431 648 3494 momentis
672 3431 817 3497 redeunt.
864 3455 941 3497 nam
964 3454 1023 3519 per
1047 3438 1127 3518 quot
1151 3438 1298 3497 creuerat
1321 3438 1442 3496 astrum

472 3536 610 3620 lanigeri
633 3539 737 3603 stadia
760 3547 816 3605 aut
838 3541 945 3622 horas,
969 3548 1016 3606 tot
1037 3540 1121 3605 libra
1144 3541 1280 3621 recedit3

477 3643 694 3731 occiduusque
718 3648 802 3712 aries
826 3650 966 3733 spatium
991 3654 1180 3734 tempusque
1205 3646 1341 3711 cadendi

479 3753 565 3836 quod
589 3761 686 3838 tenet,
711 3756 744 3820 in
768 3762 894 3821 tantum
918 3758 1029 3821 chelae
1053 3777 1248 3841 consurgere
1273 3760 1426 3841 perstant.
1455 3814 1458 3821 .

318 3914 532 3934 ᾖ

425 4020 477 4075 ‘264
495 4003 621 4078 ardmeb
634 4023 643 4077 l
667 4024 787 4081 ardeatis
799 4040 821 4076 ω
841 4054 874 4062 -
890 4028 946 4093 ‚⁴265
965 4025 1002 4081 ia·
1015 4040 1043 4080 m
1067 4025 1113 4079 ebt
1126 4042 1147 4077 ω
1166 4015 1291 4079 uiliteel
1314 4019 1419 4090 bitreol
1445 4048 1476 4055 —
1501 4020 1552 4071 '266
1572 4016 1633 4071 bea·

318 4108 425 4171 reetlel
447 4118 616 4178 tremelcsc
637 4122 771 4178 bmmolte
787 4139 841 4193 gur
870 4154 903 4161 -
934 4124 985 4179 969
1008 4124 1131 4192 inpulsae
1148 4140 1167 4192 g
1198 4152 1228 4161 —
1253 4122 1303 4177 991,
1328 4122 1375 4175 ille
1397 4120 1502 4175 marren
1521 4122 1558 4171 cst
1574 4113 1634 4184 lgc

318 4230 375 4269 om.
388 4220 463 4273 eetm
481 4212 576 4275 bore³l
593 4222 722 4291 borosgc
738 4223 844 4278 torem
860 4252 892 4260 -
915 4224 966 4277 999
980 4223 1029 4277 cett
1041 4224 1121 4277 aem
1139 4220 1290 4291 crediturae
1310 4222 1412 4313 -35‘275
1430 4202 1485 4287 qttl
1502 4214 1632 4285 qemtcm

317 4317 412 4384 orwig
430 4352 463 4358 -
484 4321 535 4374 277
553 4325 694 4375 caroceto
714 4351 746 4359 -
766 4324 818 4375 979
836 4321 956 4389 duplicat
973 4324 1052 4389 utque
1065 4336 1093 4375 m
1114 4350 1146 4358 -
1167 4323 1216 4375 ‘281
1236 4316 1386 4376 occidental
1405 4314 1509 4373 occides
1521 4328 1550 4369 m
1569 4313 1633 4369 ecci-

318 4412 389 4469 dttes
405 4430 446 4484 go
471 4446 503 4455 -
528 4421 580 4474 983
603 4420 786 4475 admittente
807 4420 893 4489 geleta
916 4419 1055 4488 crcrycntr'e
1074 4433 1101 4473 m
1123 4418 1271 4487 gelidaeque
1293 4416 1408 4485 westie
1423 4430 1445 4465 e>
1469 4446 1502 4455 -
1527 4413 1578 4467 ‘285
1602 4412 1634 4467 te

317 4521 414 4582 qrcarta
430 4520 540 4584 portae
558 4518 770 4573 stdectterlmc
787 4518 826 4572 stc
843 4518 986 4585 dirciterg
1001 4544 1032 4555 -
1047 4519 1099 4572 '288
1116 4516 1152 4571 ad
1168 4517 1287 4571 sidereo
1302 4544 1333 4553 -
1348 4516 1401 4569 990
1418 4500 1510 4583 qeottl
1530 4509 1599 4579 qesod
1611 4524 1633 4560 ω

319 4612 453 4680 sequitur
464 4614 495 4670 in
510 4614 533 4669 l:
552 4616 664 4686 decime
680 4616 705 4671 et
721 4633 776 4671 noe
791 4624 830 4671 eat
845 4616 901 4685 sati
916 4633 965 4670 cer
983 4616 1101 4670 traditur
1118 4616 1180 4671 orde
1196 4614 1241 4670 lV.
1259 4614 1307 4667 105
1323 4644 1354 4650 -
1370 4614 1420 4668 999
1435 4608 1588 4677 occiduoque
1603 4622 1631 4663 m

332 4684 439 4724 *oriendi
506 4696 524 4727 4
532 4688 615 4725 cruenti

319 4738 432 4792 commi
443 4738 480 4807 lg
497 4741 631 4797 micndtc
649 4740 761 4796 acme
774 4756 803 4796 m
821 4769 855 4780 -
876 4742 928 4797 293
945 4744 1050 4810 pectet
1062 4754 1086 4795 o.
