3642 5259
689 354 775 413 Liber
792 354 813 411 l.
850 354 1001 411 435-466.

295 598 335 641 sas
349 574 512 639 intentans
535 593 680 638 morsum
704 572 816 638 similis
839 574 905 637 iam
929 574 1060 657 iamque
1083 572 1216 651 tenenti,

351 682 457 768 qualis
481 681 522 745 ad
545 682 711 766 expositae
734 680 837 745 latum
862 678 1044 765 Cepheidos
1065 680 1160 745 undis

351 790 475 877 expulit
498 789 674 855 adueniens
698 789 784 853 ultra
807 810 866 854 sua
888 790 984 853 litera
1007 794 1152 874 pontum.

351 904 420 963 tum
444 899 550 963 notius
575 898 671 982 piscis
695 898 783 961 uenti
807 898 848 961 de
872 897 1003 961 nomine
1027 896 1132 960 dictus

353 1007 480 1090 exurgit
503 1006 543 1069 de
566 1012 658 1090 parte
682 1007 763 1084 ncti3
789 1005 840 1070 cui
864 1004 975 1069 iuncta
997 1004 1146 1068 feruntur

297 1134 338 1177 440
352 1113 435 1177 flexa
458 1134 516 1199 per
540 1114 679 1199 ingentis
703 1113 869 1177 stellarum
893 1112 1029 1176 flumina
1052 1133 1157 1198 gyros.

353 1221 485 1285 alterius
509 1220 607 1306 capiti
630 1222 798 1306 coniungit
820 1220 973 1305 aquarius
997 1220 1101 1284 undas

353 1329 468 1411 amnis,
492 1335 523 1393 et
546 1328 579 1393 in
604 1329 746 1393 medium
770 1335 888 1393 coeunt
910 1333 944 1391 et
967 1328 1073 1392 sidera
1097 1328 1241 1391 miscent.

406 1435 455 1500 his
479 1437 563 1501 inter
587 1436 727 1522 solisque
751 1436 821 1500 uias
845 1441 1015 1520 arctonque
1038 1435 1168 1500 latentis

356 1561 454 1605 axem
477 1560 560 1623 quae
583 1540 703 1605 muudi
726 1534 923 1606 stridentem
941 1540 1089 1623 pondere
1113 1544 1275 1622 torquent,

300 1673 341 1717 445
355 1653 432 1716 orbe
455 1652 626 1738 peregrino
650 1651 777 1717 caelum
799 1651 986 1736 depingitur
1007 1651 1112 1727 astris,

355 1779 438 1844 qnae
461 1759 551 1823 notia
575 1758 699 1845 antiqui
723 1759 873 1823 dixerunt
895 1758 1003 1822 sidera
1026 1768 1128 1822 uates.

354 1866 468 1931 ultima
491 1888 574 1952 quae
598 1867 718 1931 mundo
743 1886 871 1951 semper
893 1866 1071 1930 uoluuntur
1093 1866 1126 1930 in
1149 1866 1226 1947 imo,

353 1974 424 2059 quis
448 1974 559 2038 innixa
582 1980 716 2039 ma'nent
738 1974 818 2039 caeli
841 1973 1002 2058 fulgentia
1024 1973 1156 2057 templa,

354 2102 516 2167 nusquam
539 2082 572 2145 in
597 2088 804 2167 conspectum
828 2082 999 2146 redeuntia
1021 2081 1152 2146 cardine
1176 2102 1270 2146 uerso

301 2210 342 2253 rso
357 2189 502 2254 sublimis
526 2189 668 2275 speciem
690 2190 803 2254 mundi
827 2189 1006 2274 similisque
1028 2188 1149 2274 figuras

356 2303 517 2362 astrorum
541 2297 694 2362 referunt.
740 2303 772 2361 et
793 2318 906 2361 uersae
928 2296 1089 2361 frontibus
1114 2301 1219 2361 arctos

357 2424 421 2469 uno
446 2405 601 2490 distingui
625 2406 748 2471 medias
772 2405 943 2489 claudique
966 2404 1108 2469 dracone

358 2513 519 2577 credimus
543 2514 700 2599 exemplo.
748 2514 897 2598 quamuis
921 2512 1080 2598 fugientia
1104 2512 1209 2608 uisus,

356 2620 442 2684 hunc
466 2621 584 2689 orbem
602 2621 694 2695 caeli
705 2620 861 2685 uertentis
885 2620 994 2685 sidera
1016 2641 1112 2684 cursu

304 2750 344 2791 sss
358 2728 490 2793 cardine
514 2735 580 2793 tam
604 2730 700 2794 simili
724 2728 840 2794 lultum
865 2749 964 2814 quam
986 2728 1109 2792 uertice
1131 2727 1278 2812 pingunt.

410 2834 492 2901 haec
514 2836 614 2922 igitur
635 2857 754 2919 magno
779 2836 899 2901 diuisas
924 2836 1055 2901 aethere
1077 2835 1171 2900 sedes

359 2944 452 3027 signa
475 2948 587 3009 tenent
608 2943 721 3009 mundi
745 2950 849 3009 totum
873 2943 1013 3009 deducta
1033 2964 1093 3029 per
1115 2943 1235 3007 orbem.

358 3056 393 3113 tu
416 3052 513 3116 modo
536 3053 700 3139 corporeis
724 3052 836 3117 similis
860 3073 901 3117 ne
924 3072 1045 3138 quaere
1067 3052 1200 3136 figuras,

359 3159 468 3223 omnia
491 3164 527 3223 ut
550 3160 679 3245 aequali
702 3160 860 3246 fulgentia
882 3161 1030 3225 membra
1054 3160 1160 3223 colere

306 3285 347 3328 444
361 3263 490 3330 deficiat
512 3266 672 3371 nihil,ant
695 3289 835 3333 uacuum
859 3288 925 3353 qna
947 3268 1070 3331 lumine
1094 3273 1206 3332 cesset.

360 3394 423 3438 non
447 3376 565 3461 poterit
589 3377 728 3441 mundus
752 3376 887 3441 sufferre
909 3374 1059 3441 incendia
1081 3382 1182 3455 tanta,

360 3482 470 3547 omnia
492 3482 520 3547 si
542 3483 647 3569 plenis
671 3482 831 3549 ardebunt
854 3483 962 3548 sidera
983 3483 1146 3548 membris.

359 3588 513 3674 quicquid
536 3589 689 3655 subduxit
711 3590 851 3655 flammis
873 3596 991 3655 natura
1013 3591 1159 3675 pepercit

361 3696 567 3762 succubitura
590 3698 692 3781 oneri,
716 3698 838 3764 formas
862 3698 1047 3784 disiungere
1070 3703 1195 3762 tantum

308 3808 514 3869 carnulenta
537 3812 569 3870 et
592 3806 692 3871 stellis
715 3806 886 3871 ostendere
910 3806 1017 3871 sidera
1039 3806 1145 3870 certis.

361 3909 448 3975 linea
471 3910 621 3998 designat
642 3914 776 4001 speeies,
801 3920 898 4000 atque
921 3914 1050 3999 ignibus
1073 3914 1165 3999 ignes

202 4026 415 4049 Q

308 4106 361 4161 435
383 4106 543 4164 intuentum
559 4123 588 4163 m
612 4125 704 4164 morsu
728 4108 739 4163 l
762 4125 882 4165 moretm
904 4122 924 4179 g
945 4108 1060 4164 rimilm
1082 4125 1201 4164 morsm
1221 4124 1249 4163 m
1278 4137 1313 4147 -
1335 4110 1388 4163 438
1413 4111 1514 4177 marg

202 4201 355 4259 mttiuslc
374 4234 407 4243 —
426 4206 479 4261 439
498 4207 634 4277 exercito
652 4213 780 4263 mtto
800 4237 833 4247 -
852 4210 906 4264 440
924 4207 1081 4276 incertam
1098 4206 1200 4277 pircso
1217 4210 1314 4261 -441
1334 4206 1448 4261 4111441444
1463 4221 1512 4275 gur

202 4300 339 4356 cenni
357 4303 453 4373 apul
471 4303 563 4371 (vat.
578 4304 656 4371 ceu.)
671 4334 703 4343 --
717 4306 770 4360 443
789 4305 984 4362 414444440-
996 4304 1048 4359 446
1066 4305 1144 4359 noea
1156 4320 1185 4360 m
1203 4305 1328 4374 noaag
1348 4283 1460 4361 suelli
1480 4334 1513 4342 -

204 4400 254 4453 441
272 4399 405 4457 iuuenco
422 4402 554 4472 fclqentr'c
571 4404 679 4473 41944448
696 4432 729 4441 -
748 4406 800 4459 449
818 4402 1007 4472 conspectrml
1025 4410 1231 4471 conspectugm
1247 4432 1279 4439 -
1293 4402 1347 4458 450
1363 4404 1514 4473 speciesgc

205 4494 404 4567 (urracam.)
416 4500 573 4569 meeum
591 4480 934 4571 emueqm'emuuqmu
950 4529 982 4539 -
996 4502 1049 4556 453
1061 4501 1219 4571 frameae
1239 4529 1271 4537 -
1287 4502 1340 4557 455
1347 4502 1466 4571 piaque
1480 4524 1513 4538 -

205 4596 256 4651 458
273 4596 412 4652 4141411140]
434 4628 466 4635 —
485 4599 537 4653 409
556 4599 631 4654 omrai
648 4603 699 4654 act
716 4600 747 4654 lc
771 4601 831 4655 criu
847 4604 879 4655 ut
894 4616 914 4667 g
931 4603 965 4653 ut
982 4612 1054 4653 cerr.
1069 4614 1104 4653 ex
1123 4602 1212 4653 cutm
1234 4626 1266 4635 —
1287 4600 1340 4653 460
1357 4604 1412 4653 eto
1431 4611 1514 4667 qrtcc

205 4696 306 4749 enirn
327 4724 359 4733 -—
379 4698 431 4749 404
450 4696 621 4751 accentum
634 4696 666 4751 lc
684 4698 855 4754 euccssbitura
868 4714 931 4767 gur.
