3642 5259
662 414 749 472 Liber
767 414 817 472 ΙΙΙ.
856 416 1004 473 lto—200.

287 654 328 699 no
341 633 368 696 si
391 654 450 698 sua
473 654 634 719 quemque
657 632 748 697 uoles
770 654 926 698 reuocare
950 632 990 697 ad
1015 634 1108 718 signa
1130 633 1285 715 laborem,

341 741 491 805 fortunae
514 741 669 825 conquire
692 740 798 805 locum
822 762 880 826 per
902 741 1009 805 sidera
1033 747 1158 807 cuncta.

342 866 425 927 quae
444 836 596 928 primum
615 866 701 928 pars
724 850 772 911 cst
794 844 981 911 numerosis
1005 845 1094 911 dicta
1117 846 1177 911 sub
1202 844 1310 911 athlie.

342 956 398 1040 qui
420 954 479 1019 tibi
502 976 575 1019 cum
600 954 698 1019 fuerit
721 961 809 1019 certa
831 956 956 1019 ratione
979 963 1136 1041 repertus,

341 1068 449 1127 cetera
471 1064 636 1149 praedicto
660 1062 870 1128 subeuntibus
894 1063 1007 1127 ordine
1031 1063 1132 1149 signis

283 1170 524 1254 1750011iungee‚
548 1177 679 1235 teneant
702 1170 848 1256 proprias
872 1176 908 1234 ut
931 1172 1058 1255 singula
1082 1171 1184 1235 sedes.

341 1256 437 1341 etue
460 1277 543 1342 forte
568 1298 669 1363 uagus
692 1277 843 1342 fortunae
866 1299 1022 1363 quaerere
1047 1278 1154 1341 eedem

340 1385 487 1469 incipies,
511 1384 632 1470 duplici
656 1393 777 1449 certam
800 1387 925 1449 ratione
949 1406 1091 1469 capesse.

342 1513 415 1555 cum
439 1493 497 1557 tibi
520 1493 683 1557 nascentis
705 1499 857 1577 percepto
881 1500 1027 1577 temporo
1052 1492 1157 1557 forma

343 1600 521 1665 constiterit
544 1600 635 1681 caeli,
660 1599 761 1665 eteilis
784 1600 825 1665 ad
850 1601 944 1685 signa
966 1600 1089 1682 locatis,

288 1727 328 1772 seo
342 1711 526 1771 transuerso
551 1706 702 1773 Phoebus
726 1708 753 1772 si
777 1708 909 1772 cardine
933 1708 1048 1773 celsior
1071 1708 1139 1790 ibit,

341 1816 396 1900 qui
421 1822 508 1880 tenet
531 1824 686 1889 exortum,
712 1817 764 1880 uei
788 1817 842 1901 qui
867 1817 1026 1901 demergit
1048 1816 1080 1879 in
1106 1816 1220 1898 undas,

341 1943 400 2006 per
422 1929 550 2009 tempus
573 1924 647 1988 iicet
670 1923 814 1988 affirmes
838 1930 947 1987 natum
974 1944 1043 1987 esse
1068 1922 1141 1987 diei.

338 2036 372 2094 at
394 2032 422 2094 si
444 2031 596 2097 subiectis
620 2032 706 2097 senis
729 2031 868 2115 fulgebit
889 2032 922 2095 in
948 2032 1042 2096 astris

341 2137 474 2203 inferior
496 2139 609 2204 dextra
631 2140 790 2225 laeuaque
813 2138 998 2204 tenentibus
1022 2138 1132 2203 orbem

288 2268 329 2309 ree
341 2246 537 2329 cardinibus,
560 2249 664 2312 noctis
687 2247 786 2311 fuerit
809 2267 866 2331 per
889 2256 1036 2331 tempora
1060 2252 1165 2311 nutus.

340 2353 420 2417 haec
443 2355 501 2418 tibi
525 2375 598 2419 cum
621 2355 744 2420 tuerint
765 2362 853 2419 certo
877 2354 1064 2419 discrimine
1088 2360 1175 2435 nota,

339 2466 425 2541 tuuc,
450 2462 532 2526 sito
558 2468 589 2527 te
613 2462 682 2527 dies
705 2468 892 2527 nascentem
916 2461 1079 2547 exceperit
1100 2460 1195 2542 alma,

341 2588 361 2631 a
384 2568 450 2633 sole
474 2569 515 2634 ad
538 2570 650 2635 lunam
673 2571 860 2635 numerabis
883 2570 917 2634 in
941 2569 1054 2635 ordine
1076 2574 1185 2654 partes

341 2676 519 2759 signorum,
543 2678 647 2741 ortiuo
672 2677 870 2741 totidem'de
894 2676 1025 2741 cardine
1049 2676 1156 2755 duces,

289 2806 328 2847 no
342 2804 438 2867 quem
463 2785 546 2849 bene
569 2785 694 2869 partitis
719 2792 900 2849 memorant
923 2786 1123 2868 horoscopon
1149 2782 1256 2863 astris3

341 2890 375 2954 in
398 2892 625 2977 quodcumque
648 2893 747 2976 igitur
769 2914 923 2957 uumerus
946 2890 1132 2977 peruenerit
1154 2896 1287 2972 astrum,

341 2998 402 3063 hoc
425 2999 468 3063 da
490 2999 654 3079 fortunae3
679 3002 794 3085 iunges
817 3008 893 3065 tunc
918 3006 1026 3063 cetere
1049 2999 1150 3083 signis

342 3106 431 3170 athla
454 3109 520 3172 suis
544 3114 631 3171 certo
655 3107 867 3173 subeuntibus
891 3107 1004 3173 ordine
1028 3106 1161 3171 cunctis.

341 3220 375 3277 ot
398 3235 471 3278 cum
495 3215 635 3281 obducta
658 3216 760 3301 nigris
784 3238 848 3281 nox
871 3216 983 3281 orbem
1007 3216 1123 3280 texerit
1145 3214 1215 3295 alie,

289 3344 328 3387 nc
343 3323 368 3384 si
393 3323 465 3407 quis
488 3325 558 3402 erit,
584 3324 637 3409 qui
662 3330 730 3389 tum
754 3332 902 3389 materna
925 3322 1099 3387 excesserit
1121 3322 1206 3404 aluo,

342 3432 535 3512 uertentes,
560 3431 642 3496 sicut
666 3439 801 3497 naturae
825 3432 963 3496 uertitur
986 3430 1073 3495 ordo.
1110 3444 1115 3461 ·

342 3538 473 3602 consule
497 3545 565 3603 tum
589 3538 744 3604 Phoeben
767 3540 948 3603 imitantem
971 3538 1095 3602 lumine
1118 3536 1224 3601 fratris

341 3666 470 3730 semper
492 3653 525 3710 et
546 3648 580 3711 in
602 3648 733 3732 proprio
758 3653 948 3730 regnantem
972 3654 1117 3731 tempore
1140 3644 1252 3723 noctis,

342 3759 483 3839 quotque
507 3755 548 3819 ab
572 3776 611 3819 ea
634 3754 785 3821 Phoebus
809 3761 916 3839 partes
940 3760 973 3819 et
995 3754 1088 3837 signa
1111 3752 1240 3831 recedit,

289 3882 330 3925 eoo
343 3866 390 3924 tot
412 3883 584 3928 numerare
607 3864 697 3928 iubet
719 3863 849 3946 fulgens
872 3862 1070 3946 horoscopus
1094 3880 1114 3925 a
1137 3881 1186 3939 se;

292 4066 342 4119 110
354 4066 463 4133 munel
479 4067 607 4122 ueterem
624 4066 745 4134 aoiesgc
761 4065 874 4119 nomo
888 4090 920 4103 -
938 4066 987 4118 119
996 4064 1147 4132 minemo
1163 4076 1257 4131 pareo
1269 4058 1445 4115 nnmrou'so
1458 4056 1501 4095 —'

182 4161 233 4215 173
252 4178 320 4229 quoe
333 4178 352 4231 g
365 4192 398 4200 -
415 4167 464 4218 174
478 4154 619 4232 praedicti
632 4164 642 4218 1
656 4193 688 4201 -
703 4164 771 4218 ante
789 4164 836 4217 176
850 4162 978 4231 spatium
996 4162 1084 4217 unius
1102 4160 1197 4215 lineae
1215 4158 1245 4214 in
1264 4158 1282 4224 l,
1297 4157 1329 4212 in
1347 4156 1492 4225 margine:

179 4250 268 4330 Quaeris
285 4261 414 4328 fortunae
431 4262 502 4317 bena
520 4262 550 4316 in
568 4262 701 4318 sceniotur
718 4260 757 4327 (m
773 4263 840 4315 aute
856 4261 917 4327 178)
938 4288 969 4297 -
991 4260 1039 4314 176
1056 4258 1143 4327 ituci
1165 4257 1193 4325 tu·
1206 4273 1232 4313 m
1249 4286 1282 4294 —
1302 4258 1349 4311 177
1363 4255 1492 4324 duplicem

177 4362 254 4413 certo
266 4376 287 4410 ω
307 4358 407 4426 duplici
425 4368 496 4415 certa
510 4376 538 4415 m
556 4377 660 4430 capesce
672 4359 704 4415 lc
719 4388 751 4396 -
768 4360 818 4413 178
834 4362 965 4428 tempores
977 4358 988 4412 i
1002 4384 1034 4395 -
1052 4359 1100 4413 179
1114 4356 1284 4412 constiterint
1296 4370 1314 4423 g
1332 4354 1403 4408 coeto
1416 4368 1444 4408 111
1460 4382 1491 4390 -

183 4460 235 4510 180
253 4455 292 4510 eic
305 4471 332 4510 m
352 4490 386 4499 -
409 4459 456 4512 181
476 4458 573 4513 imosc
592 4488 622 4496 —
645 4459 694 4512 189
713 4440 863 4525 adfirment
882 4455 1048 4522 adfirmesm
1069 4456 1217 4509 —183oe
1230 4468 1256 4507 m
1274 4451 1367 4507 ecuiel
1384 4451 1457 4518 fenis
1474 4465 1494 4519 g

177 4570 259 4609 aeuus
270 4568 300 4609 m
316 4554 432 4623 sutpusit
443 4571 471 4610 m
487 4584 518 4593 —
535 4560 584 4611 181
597 4556 733 4624 lescopneo
747 4584 778 4592 -
797 4558 845 4610 185
864 4554 938 4610 notis
951 4554 961 4609 i
980 4554 1052 4615 nutis
1065 4568 1092 4606 m
1116 4554 1166 4606 188
1186 4567 1217 4605 vs
1231 4550 1313 4605 deest
1326 4548 1357 4602 in
1370 4546 1435 4617 ige,
1449 4550 1494 4603 est

179 4652 211 4707 in
227 4667 257 4706 m
269 4667 300 4721 ul
314 4666 345 4720 u„
359 4654 388 4707 et
400 4652 430 4707 in
443 4652 477 4708 V.
490 4657 507 4707 ‘2
521 4653 572 4723 qni
584 4657 682 4708 tamen
696 4653 725 4706 in
739 4652 891 4707 omittit—-
908 4656 956 4707 189
971 4650 1077 4707 totidem
1090 4648 1177 4702 ortiuo
1188 4664 1214 4701 m
1228 4677 1262 4684 —
1276 4648 1321 4700 191
1337 4646 1429 4712 opiter
1439 4645 1448 4699 l
1460 4676 1490 4682 —
1543 4644 1545 4649 '

182 4750 359 4805 widricum
373 4766 403 4805 m
421 4785 456 4792 —
478 4752 527 4807 195
554 4755 676 4805 materno
696 4765 712 4806 o
733 4778 765 4787 -
789 4752 837 4805 196
856 4754 959 4805 notura
978 4748 1109 4805 cummim
1128 4760 1155 4798 m
1177 4774 1210 4783 -
1234 4746 1281 4799 199
1305 4758 1440 4809 ononueo
1461 4772 1492 4780 —

179 4850 235 4905 200
249 4850 357 4917 sutem
376 4863 431 4904 om.
444 4849 502 4919 lgc
520 4848 610 4904 habet
623 4864 660 4903 m.
1429 4832 1431 4837 ⁵
