3642 5259
811 366 898 427 ldber
915 367 937 425 Ι.
973 370 1124 427 lca-ma

470 588 677 675 respondent,
701 588 809 654 media
833 588 985 653 extremis
1009 593 1107 673 atquc
1129 587 1245 652 ultima
1267 588 1403 653 summis

470 697 659 777 creduntur3
683 696 761 761 satis
784 701 843 778 est,
867 696 895 761 si
918 717 953 760 ee
976 716 1042 760 non
1065 694 1175 760 omnia
1197 695 1314 761 celant.

471 804 644 891 praecipue
668 803 774 869 medio
798 824 872 868 cum
894 804 975 869 luna
997 804 1185 889 implebitur
1207 803 1296 884 orbe,

416 939 457 980 no
471 919 560 978 certe
583 910 686 976 nitent
709 911 830 976 mundo
854 918 924 975 tum
945 911 1084 976 lumina:
1109 910 1258 977 conditur
1279 932 1378 977 omne

470 1020 637 1086 stellarum
661 1014 790 1103 uulgus,
813 1017 944 1104 fugiunt
966 1019 1036 1083 sine
1059 1019 1190 1083 nomine
1212 1018 1317 1104 signs,

470 1149 552 1215 pura
573 1128 648 1191 licet
672 1146 776 1192 uacuo
799 1132 868 1191 tum
891 1147 1025 1191 cernere
1047 1126 1155 1193 sidera
1177 1126 1279 1209 caelo,

469 1258 530 1302 nec
552 1235 671 1300 fallunt
693 1254 828 1299 numero
851 1234 963 1319 paruis
985 1254 1047 1299 nec
1069 1234 1170 1300 mixta
1192 1236 1349 1300 feruntur.

469 1351 502 1409 et
524 1364 588 1429 quc
612 1343 700 1407 clare
722 1342 827 1427 magis
849 1325 956 1428 possis
978 1364 1176 1428 cognoscere
1197 1343 1301 1429 signa,

415 1478 455 1520 ne
468 1474 533 1518 non
557 1451 665 1516 uarios
688 1449 794 1516 obitus
817 1457 938 1515 norunt
959 1452 1111 1516 uariosuc
1133 1472 1298 1531 recursum

468 1565 557 1625 certa
580 1559 636 1623 sed
660 1558 694 1623 in
717 1557 864 1643 proprias
887 1558 1036 1623 criuntur
1058 1558 1166 1624 sidera
1188 1558 1279 1625 luces

470 1668 658 1751 natalesque
681 1686 757 1730 suos
780 1686 996 1751 occasumque
1019 1666 1135 1732 ordine
1155 1674 1297 1732 seruant.

469 1796 528 1842 neo
552 1774 726 1860 quicquam
749 1774 782 1837 in
806 1779 897 1838 tanta
921 1774 1026 1860 magis
1048 1782 1098 1839 est
1120 1774 1269 1841 mirabile
1292 1776 1388 1858 mole,

468 1904 565 1969 quarn
590 1881 672 1946 ratio
696 1887 728 1945 et
752 1880 846 1945 certis
871 1882 958 1967 quod
981 1881 1109 1967 legibus
1132 1882 1242 1948 omnia
1265 1889 1389 1969 parent.

413 2016 454 2057 esc
469 2011 629 2075 nusquam
653 1989 748 2055 turba
772 1996 876 2071 nocet,
899 1990 982 2055 nihil
1006 1990 1080 2055 ullis
1103 1992 1250 2077 partibus
1273 1997 1371 2073 erret,
1394 2030 1399 2039 ·

467 2100 571 2163 laxius
596 2102 651 2161 aut
674 2097 805 2162 breuius
829 2104 996 2163 mutatouo
1019 2098 1132 2163 ordine
1155 2098 1267 2164 fertur.

468 2206 545 2291 quid
569 2210 635 2269 tam
659 2204 829 2269 confusum
854 2206 973 2290 specie,
998 2206 1075 2291 quid
1099 2212 1166 2271 tam
1189 2206 1262 2271 uice
1286 2213 1409 2272 certum
1433 2204 1503 2270 est?

519 2334 555 2377 ac
580 2312 660 2377 mibi
683 2318 750 2377 tam
773 2332 928 2398 praesens
951 2312 1033 2379 ratio
1056 2335 1121 2379 non
1145 2314 1213 2379 ulla
1232 2313 1372 2396 uidetur,

468 2442 533 2507 qua
555 2424 664 2505 pateat
684 2419 841 2483 mundum
866 2420 976 2485 diuino
1000 2422 1133 2486 numine
1157 2421 1240 2486 uerti

412 2552 452 2594 me
467 2534 564 2613 atque
587 2527 694 2612 ipsum
717 2547 790 2591 esse
811 2525 908 2591 deum
933 2548 993 2592 nec
1017 2527 1101 2592 forte
1125 2527 1228 2593 coisse
1251 2529 1418 2613 magistra,

466 2643 503 2701 ut
524 2636 628 2701 uoluit
651 2634 748 2707 credi,
773 2635 828 2719 qui
852 2634 976 2720 primus
1000 2634 1130 2700 moenia
1152 2635 1265 2701 mundi

466 2742 642 2809 seminibus
667 2743 783 2807 struxit
805 2743 948 2807 minimis
971 2744 1069 2827 inque
1092 2744 1149 2807 illu
1170 2742 1314 2825 resoluit,
1407 2804 1410 2808 .

467 2874 484 2915 e
509 2852 580 2936 quis
604 2858 636 2914 et
660 2851 762 2915 maria
786 2856 818 2915 et
840 2856 945 2916 terras
968 2857 1002 2914 et
1023 2851 1131 2915 sidera
1154 2849 1234 2915 caeli

467 2959 664 3045 aetheraque
687 2958 843 3023 inmensis
866 2958 1081 3024 fabricantem
1104 2957 1223 3022 finibus
1247 2958 1341 3021 orbes

413 3089 453 3131 reo
468 3067 712 3151 soluentcmque
735 3066 816 3131 alios
840 3073 988 3131 constare
1012 3072 1045 3129 et
1068 3071 1185 3129 cuncta
1207 3064 1327 3128 reuerti

467 3176 498 3239 in
524 3196 584 3239 sua
605 3172 765 3259 principia
787 3179 820 3238 et
841 3194 951 3238 rerum
975 3179 1102 3237 mutare
1124 3170 1256 3256 figuras.

467 3282 539 3367 quis
563 3281 674 3347 credet
697 3288 803 3347 tantas
826 3302 962 3367 operum
986 3280 1056 3345 sine
1079 3278 1212 3343 numine
1235 3277 1337 3341 moles

467 3411 507 3455 ex
530 3388 672 3455 minimis
696 3409 856 3475 caecoque
881 3394 1027 3453 creatum
1049 3385 1182 3451 foedere
1205 3383 1384 3449 mundum?

466 3499 493 3562 si
516 3497 584 3563 fors
607 3496 671 3561 ieta
693 3496 782 3562 dedit
804 3497 909 3578 nobis,
933 3496 999 3560 fors
1022 3495 1095 3579 ipsa
1116 3494 1285 3579 gubernet.

412 3628 453 3672 ce
467 3611 500 3671 at
523 3626 580 3669 cur
603 3604 767 3689 dispositis
790 3604 919 3669 uicibus
941 3622 1138 3687 consurgere
1162 3601 1256 3686 signa

466 3719 498 3776 et
521 3713 611 3777 uelut
633 3712 769 3798 imperio
792 3711 1010 3799 praescriptos
1031 3708 1168 3773 reddere
1192 3728 1306 3773 curem

467 3821 629 3885 cernimus
652 3842 690 3885 ac
713 3820 811 3886 nullis
834 3815 1085 3905 properantibus
1109 3816 1176 3880 ulla
1196 3814 1357 3900 relinqui?

466 3949 524 3992 cnr
547 3927 660 3992 cadem
684 3929 825 3993 aestiuas
848 3930 1008 3991 exornant
1030 3924 1137 3988 sidera
1159 3930 1271 3988 noctes

412 4127 465 4181 sca
484 4124 681 4181 macmo-
710 4126 764 4181 ece
780 4121 1026 4179 eeaunturo-
1048 4120 1103 4173 470
1120 4134 1181 4173 eam
1198 4115 1305 4171 samse
1321 4128 1350 4168 m
1369 4113 1433 4168 um
1451 4128 1473 4164 e
1490 4098 1620 4179 statari

304 4220 689 4302 cedibcrgconds'twrmc—
655 4221 923 4291 -lllmpsmſtr-
940 4217 1164 4287 ltafflurac—
1130 4210 1619 4284 -4llquodlquodcquogm-

305 4321 606 4392 uisendosque-
602 4323 682 4376 477
701 4320 937 4388 notclesqsoeo—
961 4317 1015 4371 480
1033 4310 1360 4383 ενναὴίωωπω-
1387 4310 1439 4365 481
1459 4305 1618 4363 mex

306 4418 435 4476 Portibus
457 4434 529 4477 corr.
552 4436 582 4476 m
610 4422 674 4475 eto
702 4418 890 4473 1εαίωο-
919 4414 987 4469 ante
1015 4413 1068 4467 488
1091 4411 1135 4466 De
1158 4409 1318 4465 comitate
1344 4406 1441 4463 meandi
1465 4405 1557 4474 lgmc
1582 4436 1620 4445 —

304 4518 781 4589 luteamlqaagqmmc-
804 4508 1324 4570 lSStamesecoslmimmemc-
1290 4506 1619 4561 -490comtmo—

304 4604 1388 4687 lanceatorum-alaceaqosm-495Atcorrme111c-
1413 4568 1619 4658 coemendi

302 4698 716 4787 mdelmeagcnoctam
