3642 5259
809 365 895 423 Liber
913 365 935 424 1.
971 368 1122 424 eae-ele.

472 582 586 667 bisque
608 581 692 646 iacet
714 582 798 647 binis
822 589 1001 650 summotus
1025 584 1170 669 partibus
1194 584 1291 650 orbis.

471 710 554 753 unus
578 690 619 755 ab
642 688 693 755 his
717 699 865 776 superest
888 697 1032 756 extremo
1055 692 1221 775 proximus
1244 692 1297 755 axi

417 819 457 860 555
472 797 619 878 51555155,
644 799 805 863 ansuinus
829 801 884 885 qui
907 800 1037 883 stringit
1059 806 1091 862 51
1115 800 1241 864 obsidet
1264 805 1379 865 arctos.

469 905 521 968 hic
545 926 672 990 quoque
695 906 875 972 brumalem
898 929 957 994 per
980 912 1088 992 partes
1112 908 1255 993 quinque
1277 907 1440 994 relinquit,

469 1018 501 1076 51
523 1019 679 1096 quantum
704 1035 723 1078 a
745 1020 855 1079 nostro
879 1015 1027 1081 sublimis
1050 1015 1182 1080 cardine
1205 1036 1313 1101 gyrus,

469 1119 567 1183 distat
589 1119 630 1185 ab
644 1104 790 1185 aduerso
814 1122 1005 1187 tantundem
1028 1124 1194 1208 proximus
1217 1122 1273 1187 illi.

464 1223 512 1289 sic
536 1223 596 1289 1161
614 1246 678 1308 per
703 1224 798 1291 bircae
821 1232 940 1292 uertex
964 1248 986 1292 a
1006 1226 1131 1292 uertice
1150 1232 1268 1311 partae

414 1330 601 1399 5550151555
625 1332 753 1415 duplici
775 1355 907 1401 5515555
931 1334 1116 1401 circumdat
1140 1333 1320 1419 Olympum

464 1445 494 1504 et
514 1461 577 1522 per
601 1439 745 1523 quinque
769 1446 862 1508 55151
885 1442 1051 1528 5195555115
1075 1448 1225 1526 temporo
1246 1442 1339 1523 since.

467 1552 517 1615 his
541 1551 655 1615 eadam
679 1558 727 1615 est
750 1552 804 1617 uia
828 1574 911 1638 quae
935 1554 1057 1619 mundo
1080 1554 1266 1639 pariterque
1290 1560 1437 1618 rotantur

466 1658 600 1723 inclines
624 1657 792 1744 sociosque
817 1666 904 1725 ortus
929 1662 1097 1726 occasibus
1121 1668 1272 1746 aequant,

465 1765 726 1851 quandoquidem
749 1772 850 1848 textu,
874 1790 938 1854 quo
963 1774 1048 1833 totus
1072 1769 1215 1833 uoluitur
1237 1770 1336 1849 orbis,

412 1873 753 1940 5551115155115515111
777 1896 906 1941 cursum
931 1878 1118 1941 comitantia
1142 1876 1223 1941 caeli

465 1980 638 2045 interualla
660 1981 732 2066 pari
756 1990 924 2075 seruantes
947 1985 1050 2049 limite
1072 2005 1201 2070 semper

466 2088 650 2173 diuisosque
673 2089 774 2153 semel
797 2090 878 2155 fines
903 2096 1088 2175 sortemque
1111 2091 1261 2155 dicatam.

464 2202 538 2261 sunt
561 2196 636 2279 duo,
661 2217 741 2281 quos
764 2198 879 2284 recipit
902 2198 1015 2263 ductos
1039 2221 1059 2263 5
1081 2199 1204 2263 5551155
1227 2205 1350 2281 uerter,

464 2305 548 2368 inter
571 2326 605 2367 se
629 2304 768 2385 aduersi,
793 2306 849 2389 qui
872 2312 1004 2370 cunctos
1028 2312 1103 2369 ante
1126 2305 1246 2369 relatos

410 2435 449 2477 555
463 2432 563 2496 seque
586 2418 697 2475 secant
720 2412 850 2497 gemino
875 2420 1028 2479 coeuntes
1052 2413 1185 2478 cardine
1209 2413 1321 2478 muudi

463 2526 712 2605 transuersoque
735 2521 809 2605 polo
833 2528 958 2587 rectum
982 2522 1145 2586 ducuntur
1167 2522 1200 2585 in
1225 2541 1330 2603 axem,

463 2633 608 2712 temporo
632 2628 798 2712 signantes
821 2630 898 2694 anni
922 2630 1115 2714 caelumque
1137 2650 1196 2714 per
1220 2636 1307 2693 astra

463 2740 615 2820 quattuor
638 2735 671 2799 in
695 2741 803 2820 partes
827 2737 968 2801 diuisum
992 2738 1158 2803 mensibus
1181 2738 1303 2822 aequis.

463 2843 545 2906 51155
568 2843 608 2907 nb
634 2842 761 2907 excelso
784 2843 960 2910 decurrens
983 2844 1077 2910 limes
1101 2844 1240 2929 Olympo

408 2973 448 3013 oro
461 2950 619 3035 serpentis
644 2950 783 3014 caudam
806 2950 908 3015 siccas
932 2957 964 3015 et
987 2950 1103 3015 diuidit
1126 2957 1232 3016 555155

461 3064 493 3121 51
515 3056 593 3141 iuga
617 3056 784 3121 cholerum
807 3058 914 3121 medio
939 3058 1109 3122 uolitantia
1132 3078 1212 3142 gyro

461 3169 702 3247 extremamque
726 3182 840 3227 555555
862 3163 998 3249 hydram
1021 3164 1231 3248 mediumque
1254 3165 1314 3228 sub
1338 3166 1455 3228 austris

461 3277 650 3335 centaurum
676 3269 814 3334 aduerso
838 3271 1003 3335 concurrit
1025 3292 1137 3335 rursus
1161 3272 1195 3334 in
1220 3292 1280 3334 axe
1446 3272 1480 3299 ²

460 3385 493 3442 et
515 3377 598 3444 redit
621 3376 654 3441 in
680 3375 806 3441 caelum
830 3398 1069 3463 squamosaque
1092 3384 1223 3463 tergora
1247 3377 1309 3442 ceti

406 3508 446 3551 515
460 3486 661 3571 lanigerique
686 3489 779 3548 notat
800 3482 882 3550 fines
906 3486 1095 3571 clarumque
1119 3486 1283 3571 trigonum

459 3592 751 3675 Andromedaeque
776 3590 865 3656 sinus
889 3593 981 3674 imos,
1007 3593 1145 3677 uestigia
1167 3594 1280 3658 matris

458 3700 718 3786 principiumque
741 3719 836 3763 snum
860 3700 997 3786 repetito
1021 3700 1152 3765 cardine
1176 3702 1305 3766 claudit.

459 3808 540 3873 alter
563 3807 598 3872 in
620 3807 707 3871 hunc
730 3807 874 3873 medium
897 3830 1126 3895 summumque
1149 3810 1308 3875 incumbit
1330 3810 1364 3873 in
1387 3830 1481 3873 axem

404 4084 458 4138 590
469 4084 576 4139 ostrina
586 4099 615 4140 m
629 4084 739 4153 (Line
753 4105 775 4142 5
789 4089 819 4143 51
831 4104 844 4142 5
857 4084 941 4143 addit
953 4085 1038 4151 corr.)
1050 4088 1194 4141 55561555
1206 4102 1228 4137 5
1240 4085 1392 4155 5151595115
1403 4110 1437 4122 -
1447 4084 1498 4137 501
1512 4080 1573 4135 triac
1582 4094 1612 4134 m

296 4180 339 4236 bic
351 4197 373 4232 5
387 4210 420 4219 -
434 4183 486 4237 593
499 4182 640 4238 tantudem
653 4199 683 4240 m
697 4186 858 4241 tcutmrdem
872 4202 893 4237 5
905 4214 938 4223 -
948 4186 1001 4239 594
1013 4183 1093 4238 binae
1105 4184 1221 4255 opertio
1232 4200 1261 4239 m
1275 4212 1308 4221 —
1322 4183 1374 4237 595
1386 4195 1520 4235 summum
1534 4194 1561 4232 m
1577 4207 1613 4215 —

297 4277 349 4333 59⁶
367 4280 499 4348 5155565
513 4295 540 4335 5
559 4282 695 4351 munos
706 4299 728 4335 ω
748 4312 780 4321 -
796 4285 847 4339 555
867 4284 920 4339 uc
938 4282 993 4337 555
1004 4298 1034 4337 m
1056 4311 1089 4319 -
1103 4284 1154 4337 555
1175 4282 1288 4352 quana
1303 4278 1441 4349 555555
1453 4294 1482 4331 m
1500 4275 1569 4330 5555
1581 4275 1613 4343 lg

295 4379 368 4431 55515
381 4391 431 4432 515
451 4406 483 4415 -
504 4381 554 4434 601
575 4382 710 4437 sanantis
726 4382 798 4450 lgm
815 4389 954 4438 5555555155
971 4396 987 4437 5
1007 4408 1040 4417 -
1060 4382 1112 4435 602
1129 4386 1223 4435 5551555
1239 4376 1378 4447 finceqroel
1398 4405 1431 4413 —
1451 4374 1489 4430 ad
1508 4374 1559 4427 603
1579 4374 1610 4427 15

296 4489 388 4544 marg.
406 4476 522 4546 coturig
541 4508 573 4515 —
593 4481 644 4535 003
662 4480 748 4535 cortic
760 4496 790 4537 m
808 4511 840 4520 -
859 4482 911 4537 006
930 4473 999 4536 rocci
1013 4494 1043 4533 m
1062 4508 1097 4516 -
1114 4478 1243 4548 postem
1263 4491 1343 4545 seqq.
1358 4475 1417 4529 ino
1434 4470 1611 4527 occimense

294 4573 351 4629 5515
372 4588 414 4629 vs.
429 4575 482 4631 530
496 4590 558 4647 sqq.
587 4608 620 4617 -
646 4580 810 4637 01155555
826 4596 853 4637 m
873 4579 993 4702 ‘ifgqm
1022 4606 1056 4615 -·
1084 4579 1136 4633 613
1155 4574 1287 4631 5515555555
1304 4588 1320 4628 5
1346 4601 1381 4610 -
1409 4569 1563 4627 6145515551
1581 4582 1610 4622 m

817 4662 881 4694 ÷uc⁵
924 4664 937 4691 1

293 4703 380 4755 cetum
392 4716 413 4751 ω
431 4700 553 4757 55511151
574 4704 626 4759 ceti
644 4720 680 4775 gc
701 4734 732 4743 -
753 4707 805 4762 616
821 4704 957 4777 [55119151
973 4704 1086 4774 15511915
1098 4717 1138 4771 gc
1156 4699 1270 4769 55511915
1284 4714 1322 4753 m.
