<?xml version="1.0" encoding="UTF-8"?>
<!DOCTYPE html PUBLIC "-//W3C//DTD XHTML 1.0 Transitional//EN"
    "http://www.w3.org/TR/xhtml1/DTD/xhtml1-transitional.dtd">
<html xmlns="http://www.w3.org/1999/xhtml" xml:lang="en" lang="en">
 <head>
  <title>
</title>
<meta http-equiv="Content-Type" content="text/html;charset=utf-8" />
  <meta name='ocr-system' content='tesseract 3.04.00' />
  <meta name='ocr-capabilities' content='ocr_page ocr_carea ocr_par ocr_line ocrx_word'/>
</head>
<body>
  <div class='ocr_page' id='page_1' title='image "./mmanilivsastron00breigoog/mmanilivsastron00breigoog_0056.png"; bbox 0 0 3642 5259; ppageno 0'>
   <div class='ocr_carea' id='block_1_1' title="bbox 799 382 1110 442">
    <p class='ocr_par' dir='ltr' id='par_1_1' title="bbox 799 382 1110 442">
     <span class='ocr_line' id='line_1_1' title="bbox 799 382 1110 442; baseline 0 -2"><span class='ocrx_word' id='word_1_1' title='bbox 799 382 884 442; x_wconf 74' lang='lat' dir='ltr'>liber</span> <span class='ocrx_word' id='word_1_2' title='bbox 900 384 921 439; x_wconf 89' lang='grc' dir='ltr'>Ι.</span> <span class='ocrx_word' id='word_1_3' title='bbox 959 386 1110 441; x_wconf 85' lang='grc'>713-740.</span> 
     </span>
    </p>
   </div>
   <div class='ocr_carea' id='block_1_2' title="bbox 403 600 1450 3701">
    <p class='ocr_par' dir='ltr' id='par_1_2' title="bbox 460 600 1243 794">
     <span class='ocr_line' id='line_1_2' title="bbox 460 600 1243 688; baseline -0.003 -21"><span class='ocrx_word' id='word_1_4' title='bbox 460 609 558 688; x_wconf 90' lang='lat' dir='ltr'>utque</span> <span class='ocrx_word' id='word_1_5' title='bbox 583 621 657 666; x_wconf 87' lang='lat' dir='ltr'>suos</span> <span class='ocrx_word' id='word_1_6' title='bbox 681 622 774 667; x_wconf 89' lang='lat' dir='ltr'>arcus</span> <span class='ocrx_word' id='word_1_7' title='bbox 798 624 856 688; x_wconf 91' lang='lat' dir='ltr'>per</span> <span class='ocrx_word' id='word_1_8' title='bbox 878 603 991 667; x_wconf 88' lang='lat' dir='ltr'>nubila</span> <span class='ocrx_word' id='word_1_9' title='bbox 1013 602 1150 667; x_wconf 82' lang='lat' dir='ltr'><strong>circinat</strong></span> <span class='ocrx_word' id='word_1_10' title='bbox 1171 600 1243 683; x_wconf 86' lang='lat' dir='ltr'>Iris,</span> 
     </span>
     <span class='ocr_line' id='line_1_3' title="bbox 461 708 1213 794; baseline -0.004 -20"><span class='ocrx_word' id='word_1_11' title='bbox 461 710 506 775; x_wconf 87' lang='lat' dir='ltr'>sic</span> <span class='ocrx_word' id='word_1_12' title='bbox 529 709 785 794; x_wconf 85' lang='lat' dir='ltr'>superincumbit</span> <span class='ocrx_word' id='word_1_13' title='bbox 808 710 934 793; x_wconf 87' lang='lat' dir='ltr'>signato</span> <span class='ocrx_word' id='word_1_14' title='bbox 958 710 1097 774; x_wconf 87' lang='lat' dir='ltr'>culmine</span> <span class='ocrx_word' id='word_1_15' title='bbox 1120 708 1213 773; x_wconf 90' lang='lat' dir='ltr'>limas</span> 
     </span>
    </p>

    <p class='ocr_par' dir='ltr' id='par_1_3' title="bbox 406 816 1381 1205">
     <span class='ocr_line' id='line_1_4' title="bbox 406 816 1249 902; baseline -0.001 -21"><span class='ocrx_word' id='word_1_16' title='bbox 406 841 446 882; x_wconf 77' lang='lat' dir='ltr'>un</span> <span class='ocrx_word' id='word_1_17' title='bbox 460 817 617 882; x_wconf 87' lang='lat' dir='ltr'>candidus</span> <span class='ocrx_word' id='word_1_18' title='bbox 640 824 673 881; x_wconf 91' lang='lat' dir='ltr'>et</span> <span class='ocrx_word' id='word_1_19' title='bbox 695 817 847 902; x_wconf 87' lang='lat' dir='ltr'>resupina</span> <span class='ocrx_word' id='word_1_20' title='bbox 870 816 948 881; x_wconf 86' lang='lat' dir='ltr'>lacit</span> <span class='ocrx_word' id='word_1_21' title='bbox 969 817 1160 882; x_wconf 80' lang='lat' dir='ltr'><strong>mortalibus</strong></span> <span class='ocrx_word' id='word_1_22' title='bbox 1182 837 1249 897; x_wconf 88' lang='lat' dir='ltr'>eru,</span> 
     </span>
     <span class='ocr_line' id='line_1_5' title="bbox 460 924 1381 1011; baseline 0.001 -23"><span class='ocrx_word' id='word_1_23' title='bbox 460 924 537 988; x_wconf 88' lang='lat' dir='ltr'>dnm</span> <span class='ocrx_word' id='word_1_24' title='bbox 560 946 646 990; x_wconf 87' lang='lat' dir='ltr'>noua</span> <span class='ocrx_word' id='word_1_25' title='bbox 669 946 727 1011; x_wconf 90' lang='lat' dir='ltr'>per</span> <span class='ocrx_word' id='word_1_26' title='bbox 751 946 879 989; x_wconf 87' lang='lat' dir='ltr'>caecam</span> <span class='ocrx_word' id='word_1_27' title='bbox 903 925 1073 989; x_wconf 86' lang='lat' dir='ltr'>uibrantur</span> <span class='ocrx_word' id='word_1_28' title='bbox 1095 924 1220 989; x_wconf 87' lang='lat' dir='ltr'>lumina</span> <span class='ocrx_word' id='word_1_29' title='bbox 1242 930 1381 1006; x_wconf 87' lang='lat' dir='ltr'>noctem,</span> 
     </span>
     <span class='ocr_line' id='line_1_6' title="bbox 458 1033 1288 1118; baseline 0.002 -23"><span class='ocrx_word' id='word_1_30' title='bbox 458 1033 688 1118; x_wconf 81' lang='lat' dir='ltr'>inquiruntque</span> <span class='ocrx_word' id='word_1_31' title='bbox 712 1054 820 1097; x_wconf 87' lang='lat' dir='ltr'>sacras</span> <span class='ocrx_word' id='word_1_32' title='bbox 844 1033 985 1098; x_wconf 86' lang='lat' dir='ltr'>humano</span> <span class='ocrx_word' id='word_1_33' title='bbox 1009 1039 1138 1118; x_wconf 75' lang='lat' dir='ltr'>pectore</span> <span class='ocrx_word' id='word_1_34' title='bbox 1162 1053 1288 1113; x_wconf 86' lang='lat' dir='ltr'>causas,</span> 
     </span>
     <span class='ocr_line' id='line_1_7' title="bbox 459 1139 1186 1205; baseline 0.001 -2"><span class='ocrx_word' id='word_1_35' title='bbox 459 1160 537 1204; x_wconf 91' lang='lat' dir='ltr'>num</span> <span class='ocrx_word' id='word_1_36' title='bbox 560 1161 594 1205; x_wconf 88' lang='lat' dir='ltr'>se</span> <span class='ocrx_word' id='word_1_37' title='bbox 617 1140 755 1205; x_wconf 88' lang='lat' dir='ltr'>diductis</span> <span class='ocrx_word' id='word_1_38' title='bbox 778 1146 913 1205; x_wconf 88' lang='lat' dir='ltr'>conetur</span> <span class='ocrx_word' id='word_1_39' title='bbox 934 1140 1062 1205; x_wconf 90' lang='lat' dir='ltr'>soluere</span> <span class='ocrx_word' id='word_1_40' title='bbox 1085 1139 1186 1205; x_wconf 88' lang='lat' dir='ltr'>moles</span> 
     </span>
    </p>

    <p class='ocr_par' dir='ltr' id='par_1_4' title="bbox 415 1236 1299 1333">
     <span class='ocr_line' id='line_1_8' title="bbox 415 1236 1299 1333; baseline 0 -22"><span class='ocrx_word' id='word_1_41' title='bbox 415 1236 418 1249; x_wconf 76' lang='grc'><strong>’</strong></span> <span class='ocrx_word' id='word_1_42' title='bbox 460 1246 668 1332; x_wconf 82' lang='lat' dir='ltr'>segminibus,</span> <span class='ocrx_word' id='word_1_43' title='bbox 692 1268 830 1333; x_wconf 87' lang='lat' dir='ltr'>raraque</span> <span class='ocrx_word' id='word_1_44' title='bbox 849 1248 961 1313; x_wconf 87' lang='lat' dir='ltr'>labant</span> <span class='ocrx_word' id='word_1_45' title='bbox 984 1248 1174 1333; x_wconf 84' lang='lat' dir='ltr'>compagine</span> <span class='ocrx_word' id='word_1_46' title='bbox 1197 1247 1299 1311; x_wconf 87' lang='lat' dir='ltr'>rimae</span> 
     </span>
    </p>

    <p class='ocr_par' dir='ltr' id='par_1_5' title="bbox 406 1354 1450 1871">
     <span class='ocr_line' id='line_1_9' title="bbox 406 1354 1278 1440; baseline 0 -21"><span class='ocrx_word' id='word_1_47' title='bbox 406 1378 446 1419; x_wconf 78' lang='lat' dir='ltr'>rao</span> <span class='ocrx_word' id='word_1_48' title='bbox 460 1355 694 1440; x_wconf 78' lang='lat' dir='ltr'>admittuntque</span> <span class='ocrx_word' id='word_1_49' title='bbox 718 1377 839 1421; x_wconf 89' lang='lat' dir='ltr'>nouum</span> <span class='ocrx_word' id='word_1_50' title='bbox 862 1356 970 1421; x_wconf 84' lang='lat' dir='ltr'>laxato</span> <span class='ocrx_word' id='word_1_51' title='bbox 994 1354 1135 1440; x_wconf 87' lang='lat' dir='ltr'>tegmine</span> <span class='ocrx_word' id='word_1_52' title='bbox 1158 1356 1278 1419; x_wconf 89' lang='lat' dir='ltr'>lumen.</span> 
     </span>
     <span class='ocr_line' id='line_1_10' title="bbox 460 1462 1450 1548; baseline 0.001 -23"><span class='ocrx_word' id='word_1_53' title='bbox 460 1462 557 1548; x_wconf 86' lang='lat' dir='ltr'>quid?</span> <span class='ocrx_word' id='word_1_54' title='bbox 604 1462 696 1547; x_wconf 87' lang='lat' dir='ltr'>quasi</span> <span class='ocrx_word' id='word_1_55' title='bbox 721 1484 784 1527; x_wconf 90' lang='lat' dir='ltr'>uon</span> <span class='ocrx_word' id='word_1_56' title='bbox 808 1464 954 1543; x_wconf 84' lang='lat' dir='ltr'>timeant,</span> <span class='ocrx_word' id='word_1_57' title='bbox 978 1464 1089 1547; x_wconf 89' lang='lat' dir='ltr'>magui</span> <span class='ocrx_word' id='word_1_58' title='bbox 1112 1483 1186 1527; x_wconf 89' lang='lat' dir='ltr'>cum</span> <span class='ocrx_word' id='word_1_59' title='bbox 1210 1462 1346 1527; x_wconf 90' lang='lat' dir='ltr'>uulnera</span> <span class='ocrx_word' id='word_1_60' title='bbox 1369 1463 1450 1527; x_wconf 85' lang='lat' dir='ltr'>caeli</span> 
     </span>
     <span class='ocr_line' id='line_1_11' title="bbox 461 1569 1353 1655; baseline 0.001 -22"><span class='ocrx_word' id='word_1_61' title='bbox 461 1570 671 1655; x_wconf 83' lang='lat' dir='ltr'>conspiciant,</span> <span class='ocrx_word' id='word_1_62' title='bbox 695 1570 854 1655; x_wconf 84' lang='lat' dir='ltr'>feriatque</span> <span class='ocrx_word' id='word_1_63' title='bbox 878 1571 988 1635; x_wconf 85' lang='lat' dir='ltr'>oculos</span> <span class='ocrx_word' id='word_1_64' title='bbox 1009 1569 1130 1635; x_wconf 90' lang='lat' dir='ltr'>iniuria</span> <span class='ocrx_word' id='word_1_65' title='bbox 1152 1570 1286 1634; x_wconf 84' lang='lat' dir='ltr'>mundi?</span> <span class='ocrx_word' id='word_1_66' title='bbox 1310 1606 1353 1614; x_wconf 89' lang='lat'><em>-</em></span> 
     </span>
     <span class='ocr_line' id='line_1_12' title="bbox 459 1676 1368 1764; baseline 0.003 -23"><span class='ocrx_word' id='word_1_67' title='bbox 459 1699 500 1741; x_wconf 88' lang='lat' dir='ltr'>an</span> <span class='ocrx_word' id='word_1_68' title='bbox 525 1684 617 1742; x_wconf 86' lang='lat' dir='ltr'>coeat</span> <span class='ocrx_word' id='word_1_69' title='bbox 639 1676 789 1759; x_wconf 89' lang='lat' dir='ltr'>mundus,</span> <span class='ocrx_word' id='word_1_70' title='bbox 814 1678 1015 1764; x_wconf 81' lang='lat' dir='ltr'>duplicisque</span> <span class='ocrx_word' id='word_1_71' title='bbox 1039 1682 1183 1742; x_wconf 85' lang='lat' dir='ltr'>extrema</span> <span class='ocrx_word' id='word_1_72' title='bbox 1202 1699 1368 1744; x_wconf 87' lang='lat' dir='ltr'>cauernae</span> 
     </span>
     <span class='ocr_line' id='line_1_13' title="bbox 459 1786 1274 1871; baseline 0 -22"><span class='ocrx_word' id='word_1_73' title='bbox 459 1787 655 1850; x_wconf 86' lang='lat' dir='ltr'>conueniant</span> <span class='ocrx_word' id='word_1_74' title='bbox 678 1787 822 1871; x_wconf 89' lang='lat' dir='ltr'>caelique</span> <span class='ocrx_word' id='word_1_75' title='bbox 846 1808 918 1852; x_wconf 87' lang='lat' dir='ltr'>oras</span> <span class='ocrx_word' id='word_1_76' title='bbox 943 1791 975 1851; x_wconf 92' lang='lat' dir='ltr'>et</span> <span class='ocrx_word' id='word_1_77' title='bbox 997 1786 1106 1851; x_wconf 86' lang='lat' dir='ltr'>sidera</span> <span class='ocrx_word' id='word_1_78' title='bbox 1126 1787 1274 1870; x_wconf 85' lang='lat' dir='ltr'>iungunt,</span> 
     </span>
    </p>

    <p class='ocr_par' dir='ltr' id='par_1_6' title="bbox 405 1893 1328 2409">
     <span class='ocr_line' id='line_1_14' title="bbox 405 1893 1249 1978; baseline 0.002 -23"><span class='ocrx_word' id='word_1_79' title='bbox 405 1915 445 1955; x_wconf 79' lang='lat' dir='ltr'>rua</span> <span class='ocrx_word' id='word_1_80' title='bbox 459 1914 581 1978; x_wconf 91' lang='lat' dir='ltr'>perque</span> <span class='ocrx_word' id='word_1_81' title='bbox 604 1894 691 1977; x_wconf 88' lang='lat' dir='ltr'>ipsos</span> <span class='ocrx_word' id='word_1_82' title='bbox 713 1894 772 1958; x_wconf 89' lang='lat' dir='ltr'>fiat</span> <span class='ocrx_word' id='word_1_83' title='bbox 794 1914 896 1959; x_wconf 88' lang='lat' dir='ltr'>nexus</span> <span class='ocrx_word' id='word_1_84' title='bbox 919 1894 1092 1958; x_wconf 85' lang='lat' dir='ltr'>manifesta</span> <span class='ocrx_word' id='word_1_85' title='bbox 1116 1893 1249 1958; x_wconf 84' lang='lat' dir='ltr'>cicatrix</span> 
     </span>
     <span class='ocr_line' id='line_1_15' title="bbox 459 1999 1223 2086; baseline 0.001 -23"><span class='ocrx_word' id='word_1_86' title='bbox 459 1999 604 2064; x_wconf 84' lang='lat' dir='ltr'>fusuram</span> <span class='ocrx_word' id='word_1_87' title='bbox 627 2000 750 2065; x_wconf 83' lang='lat' dir='ltr'>faciens</span> <span class='ocrx_word' id='word_1_88' title='bbox 774 2002 896 2082; x_wconf 89' lang='lat' dir='ltr'>mundi,</span> <span class='ocrx_word' id='word_1_89' title='bbox 910 2000 1057 2086; x_wconf 82' lang='lat' dir='ltr'>stipatus</span> <span class='ocrx_word' id='word_1_90' title='bbox 1080 2007 1113 2066; x_wconf 89' lang='lat' dir='ltr'>et</span> <span class='ocrx_word' id='word_1_91' title='bbox 1135 2002 1223 2066; x_wconf 88' lang='lat' dir='ltr'>orbis</span> 
     </span>
     <span class='ocr_line' id='line_1_16' title="bbox 459 2107 1277 2194; baseline 0.001 -23"><span class='ocrx_word' id='word_1_92' title='bbox 459 2107 580 2173; x_wconf 86' lang='lat' dir='ltr'>aeriam</span> <span class='ocrx_word' id='word_1_93' title='bbox 604 2108 637 2171; x_wconf 89' lang='lat' dir='ltr'>in</span> <span class='ocrx_word' id='word_1_94' title='bbox 661 2109 812 2172; x_wconf 87' lang='lat' dir='ltr'>nebulum</span> <span class='ocrx_word' id='word_1_95' title='bbox 836 2109 925 2172; x_wconf 85' lang='lat' dir='ltr'>clara</span> <span class='ocrx_word' id='word_1_96' title='bbox 948 2109 1138 2194; x_wconf 87' lang='lat' dir='ltr'>compagine</span> <span class='ocrx_word' id='word_1_97' title='bbox 1162 2130 1277 2173; x_wconf 86' lang='lat' dir='ltr'>uersus</span> 
     </span>
     <span class='ocr_line' id='line_1_17' title="bbox 458 2214 1173 2299; baseline 0.001 -21"><span class='ocrx_word' id='word_1_98' title='bbox 458 2216 492 2279; x_wconf 90' lang='lat' dir='ltr'>in</span> <span class='ocrx_word' id='word_1_99' title='bbox 516 2236 635 2279; x_wconf 88' lang='lat' dir='ltr'>cuneos</span> <span class='ocrx_word' id='word_1_100' title='bbox 659 2214 716 2279; x_wconf 86' lang='lat' dir='ltr'>alti</span> <span class='ocrx_word' id='word_1_101' title='bbox 739 2221 834 2299; x_wconf 86' lang='lat' dir='ltr'>cogat</span> <span class='ocrx_word' id='word_1_102' title='bbox 857 2215 1048 2280; x_wconf 85' lang='lat' dir='ltr'>fundamina</span> <span class='ocrx_word' id='word_1_103' title='bbox 1071 2216 1173 2280; x_wconf 85' lang='lat' dir='ltr'>caeli?</span> 
     </span>
     <span class='ocr_line' id='line_1_18' title="bbox 460 2322 1328 2409; baseline 0.002 -24"><span class='ocrx_word' id='word_1_104' title='bbox 460 2343 501 2385; x_wconf 87' lang='lat' dir='ltr'>an</span> <span class='ocrx_word' id='word_1_105' title='bbox 526 2322 638 2387; x_wconf 87' lang='lat' dir='ltr'>melius</span> <span class='ocrx_word' id='word_1_106' title='bbox 662 2330 772 2387; x_wconf 88' lang='lat' dir='ltr'>manet</span> <span class='ocrx_word' id='word_1_107' title='bbox 795 2324 852 2387; x_wconf 86' lang='lat' dir='ltr'>illa</span> <span class='ocrx_word' id='word_1_108' title='bbox 873 2324 965 2405; x_wconf 88' lang='lat' dir='ltr'>fides,</span> <span class='ocrx_word' id='word_1_109' title='bbox 988 2346 1047 2409; x_wconf 90' lang='lat' dir='ltr'>per</span> <span class='ocrx_word' id='word_1_110' title='bbox 1069 2324 1199 2389; x_wconf 87' lang='lat' dir='ltr'>saecula</span> <span class='ocrx_word' id='word_1_111' title='bbox 1222 2325 1328 2408; x_wconf 88' lang='lat' dir='ltr'>prisca</span> 
     </span>
    </p>

    <p class='ocr_par' dir='ltr' id='par_1_7' title="bbox 405 2430 1392 2948">
     <span class='ocr_line' id='line_1_19' title="bbox 405 2430 1173 2516; baseline 0.003 -23"><span class='ocrx_word' id='word_1_112' title='bbox 405 2430 533 2493; x_wconf 71' lang='lat' dir='ltr'>cucillae</span> <span class='ocrx_word' id='word_1_113' title='bbox 556 2430 630 2495; x_wconf 85' lang='lat' dir='ltr'>solia</span> <span class='ocrx_word' id='word_1_114' title='bbox 655 2452 754 2516; x_wconf 90' lang='lat' dir='ltr'>equos</span> <span class='ocrx_word' id='word_1_115' title='bbox 777 2432 915 2496; x_wconf 86' lang='lat' dir='ltr'>diuersis</span> <span class='ocrx_word' id='word_1_116' title='bbox 938 2432 1086 2497; x_wconf 81' lang='lat' dir='ltr'>cursibus</span> <span class='ocrx_word' id='word_1_117' title='bbox 1109 2432 1173 2497; x_wconf 83' lang='lat' dir='ltr'>isse</span> 
     </span>
     <span class='ocr_line' id='line_1_20' title="bbox 459 2538 1392 2626; baseline 0.004 -25"><span class='ocrx_word' id='word_1_118' title='bbox 459 2543 555 2622; x_wconf 89' lang='lat' dir='ltr'>atque</span> <span class='ocrx_word' id='word_1_119' title='bbox 579 2538 675 2602; x_wconf 79' lang='lat' dir='ltr'>aliurn</span> <span class='ocrx_word' id='word_1_120' title='bbox 700 2540 828 2603; x_wconf 86' lang='lat' dir='ltr'>triuisee</span> <span class='ocrx_word' id='word_1_121' title='bbox 851 2540 949 2622; x_wconf 82' lang='lat' dir='ltr'>ulam,</span> <span class='ocrx_word' id='word_1_122' title='bbox 972 2540 1170 2625; x_wconf 90' lang='lat' dir='ltr'>longumque</span> <span class='ocrx_word' id='word_1_123' title='bbox 1193 2562 1251 2626; x_wconf 91' lang='lat' dir='ltr'>per</span> <span class='ocrx_word' id='word_1_124' title='bbox 1273 2561 1392 2605; x_wconf 83' lang='lat' dir='ltr'>aeuum</span> 
     </span>
     <span class='ocr_line' id='line_1_21' title="bbox 459 2647 1215 2713; baseline 0.003 -4"><span class='ocrx_word' id='word_1_125' title='bbox 459 2652 588 2710; x_wconf 82' lang='lat' dir='ltr'>exustas</span> <span class='ocrx_word' id='word_1_126' title='bbox 610 2647 703 2711; x_wconf 85' lang='lat' dir='ltr'>aedes</span> <span class='ocrx_word' id='word_1_127' title='bbox 727 2647 894 2712; x_wconf 89' lang='lat' dir='ltr'>incoctaue</span> <span class='ocrx_word' id='word_1_128' title='bbox 918 2647 1024 2712; x_wconf 87' lang='lat' dir='ltr'>sidera</span> <span class='ocrx_word' id='word_1_129' title='bbox 1046 2647 1186 2713; x_wconf 85' lang='lat' dir='ltr'>flammis</span> <span class='ocrx_word' id='word_1_130' title='bbox 1210 2658 1215 2667; x_wconf 82' lang='lat'><em>&#39;</em></span> 
     </span>
     <span class='ocr_line' id='line_1_22' title="bbox 458 2754 1230 2840; baseline 0.005 -25"><span class='ocrx_word' id='word_1_131' title='bbox 458 2754 641 2819; x_wconf 81' lang='lat' dir='ltr'>caeruleam</span> <span class='ocrx_word' id='word_1_132' title='bbox 665 2776 759 2819; x_wconf 86' lang='lat' dir='ltr'>uerso</span> <span class='ocrx_word' id='word_1_133' title='bbox 784 2754 925 2840; x_wconf 88' lang='lat' dir='ltr'>speciem</span> <span class='ocrx_word' id='word_1_134' title='bbox 947 2762 1090 2819; x_wconf 88' lang='lat' dir='ltr'>mutasse</span> <span class='ocrx_word' id='word_1_135' title='bbox 1112 2756 1230 2836; x_wconf 84' lang='lat' dir='ltr'>colore,</span> 
     </span>
     <span class='ocr_line' id='line_1_23' title="bbox 458 2861 1376 2948; baseline 0.003 -25"><span class='ocrx_word' id='word_1_136' title='bbox 458 2861 665 2946; x_wconf 82' lang='lat' dir='ltr'>inlusumqna</span> <span class='ocrx_word' id='word_1_137' title='bbox 687 2863 759 2927; x_wconf 92' lang='lat' dir='ltr'>loco</span> <span class='ocrx_word' id='word_1_138' title='bbox 783 2863 925 2927; x_wconf 88' lang='lat' dir='ltr'>cinerem</span> <span class='ocrx_word' id='word_1_139' title='bbox 948 2862 1169 2947; x_wconf 91' lang='lat' dir='ltr'>mundumque</span> <span class='ocrx_word' id='word_1_140' title='bbox 1193 2863 1376 2948; x_wconf 84' lang='lat' dir='ltr'>sepultum?</span> 
     </span>
    </p>

    <p class='ocr_par' dir='ltr' id='par_1_8' title="bbox 405 2966 1359 3487">
     <span class='ocr_line' id='line_1_24' title="bbox 405 2966 1359 3055; baseline 0.006 -26"><span class='ocrx_word' id='word_1_141' title='bbox 405 2990 444 3029; x_wconf 78' lang='lat' dir='ltr'>ras</span> <span class='ocrx_word' id='word_1_142' title='bbox 459 2966 546 3033; x_wconf 87' lang='lat' dir='ltr'>fama</span> <span class='ocrx_word' id='word_1_143' title='bbox 570 2969 667 3034; x_wconf 89' lang='lat' dir='ltr'>etiam</span> <span class='ocrx_word' id='word_1_144' title='bbox 691 2970 832 3055; x_wconf 87' lang='lat' dir='ltr'>antiquis</span> <span class='ocrx_word' id='word_1_145' title='bbox 856 2970 897 3037; x_wconf 87' lang='lat' dir='ltr'>ad</span> <span class='ocrx_word' id='word_1_146' title='bbox 920 2992 979 3036; x_wconf 83' lang='lat' dir='ltr'>nos</span> <span class='ocrx_word' id='word_1_147' title='bbox 1003 2971 1169 3035; x_wconf 85' lang='lat' dir='ltr'>descendit</span> <span class='ocrx_word' id='word_1_148' title='bbox 1191 2970 1232 3034; x_wconf 85' lang='lat' dir='ltr'>ab</span> <span class='ocrx_word' id='word_1_149' title='bbox 1257 2972 1359 3049; x_wconf 78' lang='lat' dir='ltr'>annis,</span> 
     </span>
     <span class='ocr_line' id='line_1_25' title="bbox 458 3074 1337 3163; baseline 0.002 -25"><span class='ocrx_word' id='word_1_150' title='bbox 458 3074 694 3142; x_wconf 87' lang='lat' dir='ltr'>Phaethontem</span> <span class='ocrx_word' id='word_1_151' title='bbox 716 3079 820 3163; x_wconf 84' lang='lat' dir='ltr'>patrio</span> <span class='ocrx_word' id='word_1_152' title='bbox 845 3098 942 3142; x_wconf 90' lang='lat' dir='ltr'>curru</span> <span class='ocrx_word' id='word_1_153' title='bbox 965 3098 1023 3163; x_wconf 89' lang='lat' dir='ltr'>per</span> <span class='ocrx_word' id='word_1_154' title='bbox 1046 3078 1140 3161; x_wconf 88' lang='lat' dir='ltr'>signa</span> <span class='ocrx_word' id='word_1_155' title='bbox 1163 3077 1337 3151; x_wconf 85' lang='lat' dir='ltr'>uolantem,</span> 
     </span>
     <span class='ocr_line' id='line_1_26' title="bbox 459 3182 1321 3272; baseline 0.002 -27"><span class='ocrx_word' id='word_1_156' title='bbox 459 3182 536 3247; x_wconf 87' lang='lat' dir='ltr'>dum</span> <span class='ocrx_word' id='word_1_157' title='bbox 559 3205 646 3249; x_wconf 89' lang='lat' dir='ltr'>noua</span> <span class='ocrx_word' id='word_1_158' title='bbox 668 3186 804 3249; x_wconf 88' lang='lat' dir='ltr'>miratur</span> <span class='ocrx_word' id='word_1_159' title='bbox 826 3186 976 3272; x_wconf 88' lang='lat' dir='ltr'>proprius</span> <span class='ocrx_word' id='word_1_160' title='bbox 1000 3185 1185 3269; x_wconf 79' lang='lat' dir='ltr'>spectacula</span> <span class='ocrx_word' id='word_1_161' title='bbox 1206 3184 1321 3249; x_wconf 91' lang='lat' dir='ltr'>mundi</span> 
     </span>
     <span class='ocr_line' id='line_1_27' title="bbox 459 3292 1233 3376; baseline 0.005 -23"><span class='ocrx_word' id='word_1_162' title='bbox 459 3296 491 3354; x_wconf 91' lang='lat' dir='ltr'>et</span> <span class='ocrx_word' id='word_1_163' title='bbox 514 3312 595 3375; x_wconf 91' lang='lat' dir='ltr'>puer</span> <span class='ocrx_word' id='word_1_164' title='bbox 615 3293 648 3356; x_wconf 92' lang='lat' dir='ltr'>in</span> <span class='ocrx_word' id='word_1_165' title='bbox 672 3293 760 3357; x_wconf 87' lang='lat' dir='ltr'>caelo</span> <span class='ocrx_word' id='word_1_166' title='bbox 785 3293 866 3357; x_wconf 90' lang='lat' dir='ltr'>ludit</span> <span class='ocrx_word' id='word_1_167' title='bbox 889 3313 1051 3376; x_wconf 87' lang='lat' dir='ltr'>curruque</span> <span class='ocrx_word' id='word_1_168' title='bbox 1074 3292 1233 3376; x_wconf 87' lang='lat' dir='ltr'>superbus</span> 
     </span>
     <span class='ocr_line' id='line_1_28' title="bbox 456 3398 1222 3487; baseline 0.003 -26"><span class='ocrx_word' id='word_1_169' title='bbox 456 3398 599 3463; x_wconf 85' lang='lat' dir='ltr'>luxuriat</span> <span class='ocrx_word' id='word_1_170' title='bbox 621 3401 741 3465; x_wconf 91' lang='lat' dir='ltr'>mundo</span> <span class='ocrx_word' id='word_1_171' title='bbox 766 3402 854 3487; x_wconf 86' lang='lat' dir='ltr'>cupit</span> <span class='ocrx_word' id='word_1_172' title='bbox 877 3406 909 3465; x_wconf 86' lang='lat' dir='ltr'>et</span> <span class='ocrx_word' id='word_1_173' title='bbox 931 3401 1056 3464; x_wconf 84' lang='lat' dir='ltr'>maiora</span> <span class='ocrx_word' id='word_1_174' title='bbox 1077 3406 1222 3484; x_wconf 88' lang='lat' dir='ltr'>parente,</span> 
     </span>
    </p>

    <p class='ocr_par' dir='ltr' id='par_1_9' title="bbox 403 3505 1242 3592">
     <span class='ocr_line' id='line_1_29' title="bbox 403 3505 1242 3592; baseline 0.005 -25"><span class='ocrx_word' id='word_1_175' title='bbox 403 3528 444 3567; x_wconf 76' lang='lat' dir='ltr'>un</span> <span class='ocrx_word' id='word_1_176' title='bbox 457 3505 617 3570; x_wconf 84' lang='lat' dir='ltr'>deflexum</span> <span class='ocrx_word' id='word_1_177' title='bbox 641 3509 734 3574; x_wconf 85' lang='lat' dir='ltr'>solito</span> <span class='ocrx_word' id='word_1_178' title='bbox 758 3530 854 3574; x_wconf 90' lang='lat' dir='ltr'>cursu</span> <span class='ocrx_word' id='word_1_179' title='bbox 879 3506 1052 3592; x_wconf 87' lang='lat' dir='ltr'>curuisque</span> <span class='ocrx_word' id='word_1_180' title='bbox 1075 3506 1242 3592; x_wconf 84' lang='lat' dir='ltr'>quadrigis</span> 
     </span>
    </p>

    <p class='ocr_par' dir='ltr' id='par_1_10' title="bbox 404 3615 1288 3701">
     <span class='ocr_line' id='line_1_30' title="bbox 404 3615 1288 3701; baseline 0.006 -27"><span class='ocrx_word' id='word_1_181' title='bbox 404 3634 445 3675; x_wconf 73' lang='lat' dir='ltr'>uso</span> <span class='ocrx_word' id='word_1_182' title='bbox 459 3620 653 3681; x_wconf 85' lang='lat' dir='ltr'>monstratae</span> <span class='ocrx_word' id='word_1_183' title='bbox 675 3616 807 3701; x_wconf 86' lang='lat' dir='ltr'>liquisse</span> <span class='ocrx_word' id='word_1_184' title='bbox 832 3616 902 3680; x_wconf 87' lang='lat' dir='ltr'>uias</span> <span class='ocrx_word' id='word_1_185' title='bbox 926 3615 1102 3700; x_wconf 90' lang='lat' dir='ltr'>orbemque</span> <span class='ocrx_word' id='word_1_186' title='bbox 1125 3622 1288 3680; x_wconf 88' lang='lat' dir='ltr'>recentem</span> 
     </span>
    </p>
   </div>
   <div class='ocr_carea' id='block_1_3' title="bbox 295 3825 1608 4794">
    <p class='ocr_par' dir='ltr' id='par_1_11' title="bbox 295 3825 1608 4794">
     <span class='ocr_line' id='line_1_31' title="bbox 405 3825 1608 3896; baseline 0.001 -17"><span class='ocrx_word' id='word_1_187' title='bbox 405 3827 457 3882; x_wconf 90' lang='grc'>713</span> <span class='ocrx_word' id='word_1_188' title='bbox 475 3827 620 3883; x_wconf 72' lang='grc' dir='ltr'>πιώίὶαιιη</span> <span class='ocrx_word' id='word_1_189' title='bbox 638 3828 749 3883; x_wconf 66' lang='lat' dir='ltr'>liram</span> <span class='ocrx_word' id='word_1_190' title='bbox 769 3856 802 3866; x_wconf 86' lang='lat'>—</span> <span class='ocrx_word' id='word_1_191' title='bbox 821 3830 873 3883; x_wconf 79' lang='grc'>715</span> <span class='ocrx_word' id='word_1_192' title='bbox 892 3825 1023 3896; x_wconf 64' lang='lat' dir='ltr'>opime</span> <span class='ocrx_word' id='word_1_193' title='bbox 1042 3858 1075 3867; x_wconf 91' lang='lat'><em>-</em></span> <span class='ocrx_word' id='word_1_194' title='bbox 1099 3831 1151 3884; x_wconf 88' lang='grc'>716</span> <span class='ocrx_word' id='word_1_195' title='bbox 1171 3832 1271 3884; x_wconf 82' lang='lat' dir='ltr'>tactum</span> <span class='ocrx_word' id='word_1_196' title='bbox 1288 3843 1317 3882; x_wconf 92' lang='lat' dir='ltr'>m</span> <span class='ocrx_word' id='word_1_197' title='bbox 1334 3826 1482 3883; x_wconf 73' lang='lat' dir='ltr'>cribrantur</span> <span class='ocrx_word' id='word_1_198' title='bbox 1500 3841 1516 3881; x_wconf 93' lang='lat' dir='ltr'>o</span> <span class='ocrx_word' id='word_1_199' title='bbox 1537 3826 1608 3892; x_wconf 75' lang='lat' dir='ltr'>(unr-</span> 
     </span>
     <span class='ocr_line' id='line_1_32' title="bbox 297 3923 1607 4011; baseline 0.002 -33"><span class='ocrx_word' id='word_1_200' title='bbox 297 3923 446 3979; x_wconf 80' lang='lat' dir='ltr'>bruuturll</span> <span class='ocrx_word' id='word_1_201' title='bbox 459 3925 684 3991; x_wconf 79' lang='lat' dir='ltr'>miranturllen.)</span> <span class='ocrx_word' id='word_1_202' title='bbox 693 3928 783 3981; x_wconf 85' lang='grc'>-717</span> <span class='ocrx_word' id='word_1_203' title='bbox 792 3928 1034 3995; x_wconf 62' lang='lat' dir='ltr'>pectorapectora</span> <span class='ocrx_word' id='word_1_204' title='bbox 1044 3941 1101 3981; x_wconf 78' lang='grc'>0-</span> <span class='ocrx_word' id='word_1_205' title='bbox 1110 3930 1162 3982; x_wconf 91' lang='grc'>718</span> <span class='ocrx_word' id='word_1_206' title='bbox 1175 3926 1421 3982; x_wconf 60' lang='lat' dir='ltr'>deductae-719</span> <span class='ocrx_word' id='word_1_207' title='bbox 1433 3924 1607 4011; x_wconf 72' lang='lat' dir='ltr'>reminituao</span> 
     </span>
     <span class='ocr_line' id='line_1_33' title="bbox 297 4006 1608 4094; baseline 0 -16"><span class='ocrx_word' id='word_1_208' title='bbox 297 4040 418 4093; x_wconf 71' lang='lat' dir='ltr'>ccrnpupc</span> <span class='ocrx_word' id='word_1_209' title='bbox 438 4024 549 4079; x_wconf 77' lang='lat' dir='ltr'>curinue</span> <span class='ocrx_word' id='word_1_210' title='bbox 567 4040 583 4079; x_wconf 92' lang='lat' dir='ltr'>c</span> <span class='ocrx_word' id='word_1_211' title='bbox 607 4028 637 4079; x_wconf 85' lang='lat' dir='ltr'>et</span> <span class='ocrx_word' id='word_1_212' title='bbox 662 4040 696 4080; x_wconf 85' lang='lat' dir='ltr'>ex</span> <span class='ocrx_word' id='word_1_213' title='bbox 722 4038 793 4079; x_wconf 89' lang='lat' dir='ltr'>corr.</span> <span class='ocrx_word' id='word_1_214' title='bbox 813 4039 842 4078; x_wconf 84' lang='lat' dir='ltr'>ni</span> <span class='ocrx_word' id='word_1_215' title='bbox 865 4024 1016 4094; x_wconf 62' lang='lat' dir='ltr'>compagine</span> <span class='ocrx_word' id='word_1_216' title='bbox 1037 4027 1125 4081; x_wconf 66' lang='lat' dir='ltr'>ramae</span> <span class='ocrx_word' id='word_1_217' title='bbox 1143 4024 1213 4094; x_wconf 80' lang='lat' dir='ltr'>lgm</span> <span class='ocrx_word' id='word_1_218' title='bbox 1242 4053 1275 4061; x_wconf 90' lang='lat'>-</span> <span class='ocrx_word' id='word_1_219' title='bbox 1305 4026 1357 4079; x_wconf 86' lang='grc'>720</span> <span class='ocrx_word' id='word_1_220' title='bbox 1382 4006 1578 4092; x_wconf 70' lang='lat' dir='ltr'>udmlltunlqrc</span> <span class='ocrx_word' id='word_1_221' title='bbox 1596 4022 1608 4078; x_wconf 95' lang='lat' dir='ltr'>l</span> 
     </span>
     <span class='ocr_line' id='line_1_34' title="bbox 297 4116 1606 4192; baseline -0.003 -15"><span class='ocrx_word' id='word_1_222' title='bbox 297 4124 429 4190; x_wconf 76' lang='lat' dir='ltr'>pactores</span> <span class='ocrx_word' id='word_1_223' title='bbox 448 4151 481 4159; x_wconf 95' lang='lat'><em>-</em></span> <span class='ocrx_word' id='word_1_224' title='bbox 501 4125 550 4177; x_wconf 88' lang='grc'>721</span> <span class='ocrx_word' id='word_1_225' title='bbox 571 4124 679 4192; x_wconf 74' lang='lat' dir='ltr'>qimaiu</span> <span class='ocrx_word' id='word_1_226' title='bbox 699 4153 731 4160; x_wconf 98' lang='lat'><em>-</em></span> <span class='ocrx_word' id='word_1_227' title='bbox 757 4122 808 4177; x_wconf 97' lang='grc'>723</span> <span class='ocrx_word' id='word_1_228' title='bbox 827 4122 986 4178; x_wconf 78' lang='lat' dir='ltr'>mundaum</span> <span class='ocrx_word' id='word_1_229' title='bbox 1004 4116 1135 4179; x_wconf 79' lang='lat' dir='ltr'>mundum</span> <span class='ocrx_word' id='word_1_230' title='bbox 1147 4138 1169 4174; x_wconf 86' lang='grc' dir='ltr'>ω</span> <span class='ocrx_word' id='word_1_231' title='bbox 1189 4152 1222 4160; x_wconf 93' lang='grc'>-</span> <span class='ocrx_word' id='word_1_232' title='bbox 1246 4124 1298 4176; x_wconf 85' lang='grc'>724</span> <span class='ocrx_word' id='word_1_233' title='bbox 1316 4138 1378 4176; x_wconf 82' lang='lat' dir='ltr'>crue</span> <span class='ocrx_word' id='word_1_234' title='bbox 1394 4136 1422 4175; x_wconf 90' lang='lat' dir='ltr'>m</span> <span class='ocrx_word' id='word_1_235' title='bbox 1440 4122 1520 4177; x_wconf 79' lang='lat' dir='ltr'>lrorua</span> <span class='ocrx_word' id='word_1_236' title='bbox 1533 4136 1555 4173; x_wconf 86' lang='lat' dir='ltr'>u</span> <span class='ocrx_word' id='word_1_237' title='bbox 1573 4150 1606 4160; x_wconf 97' lang='lat'><em>-</em></span> 
     </span>
     <span class='ocr_line' id='line_1_35' title="bbox 298 4192 1606 4301; baseline -0.001 -18"><span class='ocrx_word' id='word_1_238' title='bbox 298 4231 349 4284; x_wconf 86' lang='grc'>725</span> <span class='ocrx_word' id='word_1_239' title='bbox 362 4228 432 4297; x_wconf 75' lang='lat' dir='ltr'>ipson</span> <span class='ocrx_word' id='word_1_240' title='bbox 442 4228 597 4299; x_wconf 76' lang='lat' dir='ltr'>iunllpuntc</span> <span class='ocrx_word' id='word_1_241' title='bbox 608 4260 640 4269; x_wconf 93' lang='lat'><em>-</em></span> <span class='ocrx_word' id='word_1_242' title='bbox 656 4192 1002 4301; x_wconf 48' lang='lat' dir='ltr'>willlffurnmlfiaaurum</span> <span class='ocrx_word' id='word_1_243' title='bbox 1012 4246 1029 4286; x_wconf 90' lang='lat' dir='ltr'>c</span> <span class='ocrx_word' id='word_1_244' title='bbox 1037 4231 1167 4297; x_wconf 76' lang='lat' dir='ltr'>scaurum</span> <span class='ocrx_word' id='word_1_245' title='bbox 1176 4229 1329 4299; x_wconf 78' lang='lat' dir='ltr'>gfuaurum</span> <span class='ocrx_word' id='word_1_246' title='bbox 1338 4242 1439 4283; x_wconf 78' lang='lat' dir='ltr'>ucorr.</span> <span class='ocrx_word' id='word_1_247' title='bbox 1449 4228 1480 4283; x_wconf 91' lang='lat' dir='ltr'>in</span> <span class='ocrx_word' id='word_1_248' title='bbox 1490 4230 1521 4283; x_wconf 72' lang='lat' dir='ltr'>17ae</span> <span class='ocrx_word' id='word_1_249' title='bbox 1530 4243 1559 4283; x_wconf 91' lang='lat' dir='ltr'>m</span> <span class='ocrx_word' id='word_1_250' title='bbox 1573 4258 1606 4266; x_wconf 90' lang='lat'><em>-</em></span> 
     </span>
     <span class='ocr_line' id='line_1_36' title="bbox 299 4323 1608 4399; baseline 0.001 -18"><span class='ocrx_word' id='word_1_251' title='bbox 299 4330 350 4383; x_wconf 87' lang='grc'>728</span> <span class='ocrx_word' id='word_1_252' title='bbox 368 4332 443 4397; x_wconf 77' lang='lat' dir='ltr'>ceput</span> <span class='ocrx_word' id='word_1_253' title='bbox 459 4329 510 4384; x_wconf 79' lang='lat' dir='ltr'>ulti</span> <span class='ocrx_word' id='word_1_254' title='bbox 528 4344 544 4384; x_wconf 91' lang='lat' dir='ltr'>c</span> <span class='ocrx_word' id='word_1_255' title='bbox 567 4329 666 4399; x_wconf 76' lang='lat' dir='ltr'>altique</span> <span class='ocrx_word' id='word_1_256' title='bbox 685 4333 772 4399; x_wconf 81' lang='lat' dir='ltr'>cogat</span> <span class='ocrx_word' id='word_1_257' title='bbox 789 4344 817 4385; x_wconf 88' lang='lat' dir='ltr'>1n</span> <span class='ocrx_word' id='word_1_258' title='bbox 842 4363 876 4372; x_wconf 96' lang='lat'><em>-</em></span> <span class='ocrx_word' id='word_1_259' title='bbox 895 4331 949 4385; x_wconf 89' lang='grc'>730</span> <span class='ocrx_word' id='word_1_260' title='bbox 966 4323 1066 4384; x_wconf 74' lang='lat' dir='ltr'>illu⁰m</span> <span class='ocrx_word' id='word_1_261' title='bbox 1085 4327 1141 4395; x_wconf 87' lang='lat' dir='ltr'>(E.)</span> <span class='ocrx_word' id='word_1_262' title='bbox 1157 4327 1206 4382; x_wconf 75' lang='lat' dir='ltr'>illu</span> <span class='ocrx_word' id='word_1_263' title='bbox 1217 4341 1247 4381; x_wconf 94' lang='lat' dir='ltr'>m</span> <span class='ocrx_word' id='word_1_264' title='bbox 1267 4325 1321 4394; x_wconf 79' lang='lat' dir='ltr'><strong>(L.)</strong></span> <span class='ocrx_word' id='word_1_265' title='bbox 1338 4326 1401 4381; x_wconf 76' lang='lat' dir='ltr'>illuc</span> <span class='ocrx_word' id='word_1_266' title='bbox 1417 4342 1439 4377; x_wconf 85' lang='grc' dir='ltr'>ω</span> <span class='ocrx_word' id='word_1_267' title='bbox 1457 4327 1574 4383; x_wconf 77' lang='lat' dir='ltr'>diuersos</span> <span class='ocrx_word' id='word_1_268' title='bbox 1591 4343 1608 4382; x_wconf 90' lang='lat' dir='ltr'>c</span> 
     </span>
     <span class='ocr_line' id='line_1_37' title="bbox 297 4418 1607 4496; baseline -0.002 -15"><span class='ocrx_word' id='word_1_269' title='bbox 297 4424 499 4495; x_wconf 71' lang='lat' dir='ltr'>unaibualgm</span> <span class='ocrx_word' id='word_1_270' title='bbox 519 4426 574 4493; x_wconf 91' lang='lat' dir='ltr'>(L.)</span> <span class='ocrx_word' id='word_1_271' title='bbox 589 4456 622 4464; x_wconf 95' lang='lat'>—</span> <span class='ocrx_word' id='word_1_272' title='bbox 636 4429 687 4483; x_wconf 88' lang='grc'>732</span> <span class='ocrx_word' id='word_1_273' title='bbox 705 4418 822 4483; x_wconf 72' lang='lat' dir='ltr'>urrltaal</span> <span class='ocrx_word' id='word_1_274' title='bbox 844 4430 953 4482; x_wconf 73' lang='lat' dir='ltr'>mutua</span> <span class='ocrx_word' id='word_1_275' title='bbox 966 4441 1021 4496; x_wconf 81' lang='lat' dir='ltr'>gm</span> <span class='ocrx_word' id='word_1_276' title='bbox 1043 4429 1168 4481; x_wconf 60' lang='lat' dir='ltr'>mutuae</span> <span class='ocrx_word' id='word_1_277' title='bbox 1184 4458 1219 4467; x_wconf 82' lang='lat'>-</span> <span class='ocrx_word' id='word_1_278' title='bbox 1239 4426 1292 4480; x_wconf 84' lang='grc'>733</span> <span class='ocrx_word' id='word_1_279' title='bbox 1309 4424 1421 4480; x_wconf 82' lang='lat' dir='ltr'>coloreo</span> <span class='ocrx_word' id='word_1_280' title='bbox 1441 4453 1474 4463; x_wconf 90' lang='lat'>-</span> <span class='ocrx_word' id='word_1_281' title='bbox 1494 4426 1546 4480; x_wconf 83' lang='grc'>734</span> <span class='ocrx_word' id='word_1_282' title='bbox 1563 4424 1607 4479; x_wconf 80' lang='lat' dir='ltr'>in-</span> 
     </span>
     <span class='ocr_line' id='line_1_38' title="bbox 295 4522 1605 4595; baseline -0.005 -14"><span class='ocrx_word' id='word_1_283' title='bbox 295 4526 390 4595; x_wconf 71' lang='lat' dir='ltr'>sanum</span> <span class='ocrx_word' id='word_1_284' title='bbox 411 4522 444 4579; x_wconf 89' lang='lat' dir='ltr'>lc</span> <span class='ocrx_word' id='word_1_285' title='bbox 471 4524 643 4593; x_wconf 70' lang='lat' dir='ltr'>insternitque</span> <span class='ocrx_word' id='word_1_286' title='bbox 664 4539 718 4594; x_wconf 85' lang='lat' dir='ltr'>gni</span> <span class='ocrx_word' id='word_1_287' title='bbox 747 4554 779 4563; x_wconf 89' lang='lat'><em>—</em></span> <span class='ocrx_word' id='word_1_288' title='bbox 809 4526 860 4579; x_wconf 86' lang='grc'>730</span> <span class='ocrx_word' id='word_1_289' title='bbox 887 4541 971 4579; x_wconf 80' lang='lat' dir='ltr'>cursu</span> <span class='ocrx_word' id='word_1_290' title='bbox 992 4539 1022 4579; x_wconf 92' lang='lat' dir='ltr'>m</span> <span class='ocrx_word' id='word_1_291' title='bbox 1051 4554 1083 4562; x_wconf 92' lang='lat'>—</span> <span class='ocrx_word' id='word_1_292' title='bbox 1110 4525 1162 4579; x_wconf 87' lang='grc'>738</span> <span class='ocrx_word' id='word_1_293' title='bbox 1184 4538 1353 4592; x_wconf 67' lang='lat' dir='ltr'>cuiwqroeg</span> <span class='ocrx_word' id='word_1_294' title='bbox 1378 4539 1547 4591; x_wconf 64' lang='lat' dir='ltr'>circaque</span> <span class='ocrx_word' id='word_1_295' title='bbox 1572 4550 1605 4563; x_wconf 90' lang='lat'>-</span> 
     </span>
     <span class='ocr_line' id='line_1_39' title="bbox 298 4615 1606 4693; baseline -0.003 -14"><span class='ocrx_word' id='word_1_296' title='bbox 298 4625 350 4679; x_wconf 87' lang='grc'>739</span> <span class='ocrx_word' id='word_1_297' title='bbox 366 4615 475 4693; x_wconf 67' lang='lat' dir='ltr'>pdtrnte</span> <span class='ocrx_word' id='word_1_298' title='bbox 492 4638 521 4678; x_wconf 92' lang='lat' dir='ltr'>m</span> <span class='ocrx_word' id='word_1_299' title='bbox 537 4626 655 4692; x_wconf 68' lang='lat' dir='ltr'>parente</span> <span class='ocrx_word' id='word_1_300' title='bbox 669 4638 691 4675; x_wconf 83' lang='grc' dir='ltr'><strong>ω</strong></span> <span class='ocrx_word' id='word_1_301' title='bbox 710 4622 843 4693; x_wconf 83' lang='lat' dir='ltr'>sequitur</span> <span class='ocrx_word' id='word_1_302' title='bbox 856 4638 883 4676; x_wconf 89' lang='lat' dir='ltr'>v.</span> <span class='ocrx_word' id='word_1_303' title='bbox 897 4625 950 4677; x_wconf 92' lang='grc'>740</span> <span class='ocrx_word' id='word_1_304' title='bbox 962 4636 980 4680; x_wconf 89' lang='lat' dir='ltr'>e</span> <span class='ocrx_word' id='word_1_305' title='bbox 994 4656 1028 4665; x_wconf 85' lang='lat'>—</span> <span class='ocrx_word' id='word_1_306' title='bbox 1041 4624 1092 4679; x_wconf 86' lang='grc'>742</span> <span class='ocrx_word' id='word_1_307' title='bbox 1104 4622 1245 4691; x_wconf 67' lang='lat' dir='ltr'>coaequo</span> <span class='ocrx_word' id='word_1_308' title='bbox 1262 4616 1334 4678; x_wconf 80' lang='lat' dir='ltr'>corr.</span> <span class='ocrx_word' id='word_1_309' title='bbox 1349 4636 1384 4678; x_wconf 81' lang='lat' dir='ltr'>ex</span> <span class='ocrx_word' id='word_1_310' title='bbox 1399 4619 1557 4691; x_wconf 60' lang='lat' dir='ltr'>riuicqwm</span> <span class='ocrx_word' id='word_1_311' title='bbox 1573 4652 1606 4661; x_wconf 98' lang='lat'>-</span> 
     </span>
     <span class='ocr_line' id='line_1_40' title="bbox 299 4720 781 4794; baseline 0.002 -17"><span class='ocrx_word' id='word_1_312' title='bbox 299 4723 351 4783; x_wconf 90' lang='grc'>740</span> <span class='ocrx_word' id='word_1_313' title='bbox 370 4724 503 4791; x_wconf 74' lang='lat' dir='ltr'>repentem</span> <span class='ocrx_word' id='word_1_314' title='bbox 520 4720 586 4777; x_wconf 90' lang='lat' dir='ltr'>lcm</span> <span class='ocrx_word' id='word_1_315' title='bbox 605 4721 735 4793; x_wconf 48' lang='lat' dir='ltr'>wentam</span> <span class='ocrx_word' id='word_1_316' title='bbox 753 4736 781 4794; x_wconf 83' lang='lat' dir='ltr'>g.</span> 
     </span>
    </p>
   </div>
   <div class='ocr_carea' id='block_1_4' title="bbox 0 0 1826 5256">
    <p class='ocr_par' dir='ltr' id='par_1_12' title="bbox 0 0 1826 5256">
     <span class='ocr_line' id='line_1_41' title="bbox 0 0 1826 5256; baseline 0 0"><span class='ocrx_word' id='word_1_317' title='bbox 0 0 1826 5256; x_wconf 95' lang='lat' dir='ltr'> </span> 
     </span>
    </p>
   </div>
  </div>
 </body>
</html>
