3642 5259
704 372 790 431 hiber
808 373 856 431 111.
893 376 1009 431 52—80.

359 613 500 679 aeraque
524 598 556 656 et
578 598 680 657 terres
704 591 934 677 flammamque
958 591 1142 677 undamque
1165 596 1331 657 natantem

246 764 247 767 ,
360 706 473 765 mutua
495 701 527 765 in
554 701 713 765 alternum
737 701 893 785 praebere
917 700 1071 765 alimenta
1092 700 1248 783 iuberet„

360 815 397 874 ut
419 813 468 873 tot
488 808 664 895 pugnantis
686 814 815 893 regeret
838 808 1012 874 concordia
1034 828 1160 889 caueae,

319 922 524 1001 uetaretque
547 920 679 981 aeterno
703 914 858 1001 religatus
881 914 1014 980 foedera
1040 914 1191 995 mundus,

361 1029 531 1109 exceptum
555 1044 575 1087 a
597 1044 725 1088 summa
747 1043 788 1087 ue
813 1023 889 1108 quid
913 1024 1039 1088 ratione
1063 1028 1217 1103 maneret,

362 1137 394 1196 et
416 1131 503 1217 quod
527 1135 598 1195 erat
618 1130 743 1211 mundi,
767 1132 888 1196 mundo
913 1136 1080 1216 regeretur
1102 1130 1143 1196 ab
1166 1131 1251 1217 ipso:

362 1239 430 1304 fata
452 1259 581 1325 qnoque
604 1244 637 1303 et
660 1238 744 1303 uitas
766 1238 934 1303 homiuum
959 1237 1127 1323 suspendit
1150 1238 1191 1303 ab
1214 1238 1319 1320 estne,

359 1368 443 1434 quae
467 1366 609 1411 summas
633 1366 767 1432 operum
790 1352 909 1432 partes,
935 1365 1019 1432 quae
1041 1345 1124 1411 lucis
1144 1345 1310 1428 honorem,

321 1481 349 1524 eo
362 1476 445 1543 quae
468 1455 589 1519 famam
615 1459 806 1536 assererent,
831 1474 914 1538 qnae
937 1474 1115 1539 numquam
1138 1452 1225 1518 fessa
1247 1454 1410 1533 notarent3

350 1560 445 1649 'quae
470 1562 561 1647 quasi
585 1582 645 1647 per
666 1562 808 1627 mediam
832 1561 945 1626 inundi
968 1560 1159 1647 praecordia
1180 1566 1306 1646 partem

362 1672 517 1756 disposita
540 1669 715 1750 obtineant,
741 1667 910 1734 Phoebum
932 1670 1108 1755 lunamque
1131 1690 1297 1754 nugasque

364 1784 395 1843 et
417 1780 550 1843 uincant
572 1778 681 1843 stellas
705 1798 764 1841 ncc
790 1798 853 1842 non
878 1778 1051 1843 uincantur
1074 1778 1207 1861 etipsa.
1287 1793 1290 1798 ·

362 1886 411 1951 his
435 1886 579 1971 regimen
603 1891 720 1951 natura
743 1884 831 1950 dedit
854 1886 1065 1971 propriasque
1089 1885 1230 1951 sacrauit

322 1994 536 2078 esunicuique
560 1994 655 2059 nicee
672 1994 841 2079 sanxitque
864 2014 924 2079 per
947 1993 1065 2073 omnia,
1090 2014 1250 2058 summam

363 2101 505 2187 undique
528 2101 574 2165 uti
598 2100 656 2165 inti
681 2100 762 2165 ratio
786 2100 969 2165 traheretur
991 2100 1025 2165 in
1048 2120 1157 2165 unam.

363 2230 438 2275 nam
462 2208 689 2293 quodcumque
713 2228 816 2291 genus
839 2228 959 2288 rernm,
983 2206 1210 2294 quodcumque
1232 2208 1391 2291 laborum,

363 2336 512 2404 quaeque
536 2335 634 2401 opera
659 2320 755 2399 atque
779 2319 875 2397 artes,
899 2315 1095 2400 quicumque
1118 2337 1178 2401 per
1199 2316 1309 2381 omnia
1331 2337 1425 2381 casus

362 2425 507 2489 humana
528 2424 561 2486 in
586 2423 654 2487 uita
675 2428 826 2508 poterant
849 2422 1038 2508 contingere
1060 2429 1157 2506 sorta,

322 2530 530 2617 incomplexe
554 2536 603 2595 eet
626 2535 673 2595 tot
696 2532 783 2596 etin
806 2536 926 2617 partae,
948 2535 1027 2616 quot
1050 2536 1082 2595 et
1104 2536 1192 2596 aetra
1215 2530 1346 2612 locarat,

363 2639 521 2725 disposuit
544 2644 712 2724 certasque
735 2639 833 2719 uices,
859 2660 919 2703 sua
941 2639 1074 2703 uomina
1096 2639 1214 2724 cuique

364 2747 509 2813 attribuit
532 2752 700 2832 totumque
722 2746 863 2811 hominis
885 2767 945 2832 per
967 2746 1074 2811 sidera
1096 2766 1229 2811 censum

363 2854 476 2920 ordine
500 2855 560 2919 sub
583 2858 671 2919 certo
696 2854 796 2938 duxit,
820 2874 895 2939 pare
919 2875 1047 2941 semper
1070 2860 1107 2919 ut
1129 2854 1234 2919 eidem

364 2962 500 3029 confinis
522 2962 606 3048 parti
629 2961 746 3027 uicinis
768 2967 868 3027 staret
890 2963 925 3027 in
948 2962 1045 3028 aruis.

324 3071 479 3137 ruborum
504 3090 638 3156 operum
662 3075 764 3135 sortes
787 3070 828 3136 ad
852 3071 980 3156 singula
1002 3072 1096 3157 signa
1118 3069 1247 3151 locauit,

364 3199 427 3242 non
452 3178 543 3243 utin
568 3183 701 3243 aeterna
725 3178 806 3243 caeli
829 3176 967 3243 statione
991 3182 1160 3243 manerent

364 3292 397 3350 et
420 3292 552 3351 cunctos
575 3285 741 3351 hominum
766 3286 888 3371 paritor
910 3286 1115 3351 traherentur
1137 3287 1171 3351 in
1194 3292 1283 3352 ortus

365 3414 404 3457 ex
423 3392 550 3458 eisdem
572 3394 710 3479 repetita
731 3392 826 3474 locie3
851 3393 907 3458 sed
930 3398 1076 3479 ternpore
1099 3394 1192 3459 sedes

364 3507 552 3565 nascentum
576 3500 760 3585 acciperent
782 3502 930 3585 propriae
953 3502 1117 3586 signisque
1140 3502 1329 3587 migrarant,

324 3632 351 3675 eo
366 3614 462 3693 atquo
486 3607 565 3672 aliae
588 3607 643 3672 alii
669 3629 737 3697 sors
762 3628 910 3693 quaeque
934 3608 1103 3673 accederet
1125 3615 1223 3692 astro,

312 3818 345 3875 52
362 3810 501 3889 flammas
518 3820 672 3889 nummario
686 3818 722 3890 lg
737 3818 926 3890 flammaeque
939 3836 990 3876 cm
1008 3850 1040 3859 -
1056 3823 1091 3877 54
1108 3814 1279 3893 model
1298 3822 1449 3894 matie
1461 3836 1515 3892 gm

195 3922 386 3992 percunctato
412 3946 445 3955 -
473 3922 507 3975 55
535 3918 672 3975 altcrmo
699 3947 731 3957 -
758 3920 792 3973 56
819 3934 960 3975 autumo
987 3947 1021 3958 -
1049 3920 1085 3975 60
1111 3912 1291 3990 udawoemtl
1316 3920 1514 3977 eumenem

71 4010 77 4021 ’
199 4020 435 4085 mmercntg-
454 4018 488 4071 62
507 4016 664 4085 ἀφοείίαω
683 4030 841 4087 acumem
859 4018 1343 4075 -63ao1amtmetuoaanto
1365 4010 1516 4074 cincinorl

200 4115 367 4172 ataricum
386 4115 610 4185 ntmmurg-
625 4117 658 4171 65
676 4132 740 4171 aare
751 4114 836 4185 sitque
850 4128 877 4169 m
893 4131 947 4185 per
965 4129 1051 4172 om.c
1068 4119 1298 4172 sammaa-66
1316 4103 1389 4185 adil
1407 4116 1515 4186 attgm

199 4214 421 4281 atofatamo
448 4226 573 4269 aomo
606 4242 638 4251 -
672 4215 706 4269 67
734 4213 881 4269 runem
917 4242 947 4251 -
981 4216 1015 4269 68
1042 4229 1249 4285 φωωιιπᾳιως
1280 4247 1315 4257 -
1347 4216 1516 4286 69cortcg

198 4314 342 4370 acrtcmo
365 4338 395 4349 -
422 4312 457 4365 50
479 4317 516 4365 tot
537 4310 723 4380 inporteclc
752 4310 944 4381 totetingm
972 4310 1144 4379 woddlm
1172 4315 1271 4382 qaotg
1292 4316 1459 4370 aocarauto
1482 4342 1515 4352 -

200 4413 235 4467 71
263 4408 430 4477 respondite
455 4408 605 4464 nantuac
632 4438 664 4446 ——
693 4408 909 4479 reatemgm
934 4407 1172 4464 uento—74
1198 4409 1356 4478 amalgc
1381 4411 1516 4467 catirm

199 4506 358 4580 (u1u2v,)
378 4535 411 4543 —
431 4506 613 4562 teccoteatic
636 4500 886 4563 moarrttl—'tt
909 4507 1148 4574 hntmetarg-
1169 4508 1204 4562 to
1225 4504 1517 4575 tiademlgiedemc

196 4605 303 4665 eedem
320 4618 348 4659 m
370 4632 403 4643 -
422 4606 457 4661 60
474 4603 545 4659 aliar
561 4619 647 4660 norro
666 4634 700 4645 -
720 4605 751 4660 in
770 4620 861 4677 marg.
879 4605 891 4662 l
910 4606 1028 4674 signum
1047 4600 1171 4658 mendae
1190 4603 1221 4658 in
1239 4619 1259 4673 g
1276 4602 1383 4657 lacuna
1398 4601 1430 4674 itit
1450 4607 1518 4676 post

196 4705 277 4763 aliua
297 4732 328 4741 —-
348 4706 421 4758 notro
434 4716 459 4757 0.

1413 4808 1449 4860 50
