3642 5259
699 374 785 433 Liber
803 373 822 430 Ι.
860 374 1011 431 313-343.

307 619 347 663 315
360 595 437 660 nixu
460 594 550 659 uenit
572 593 695 679 species
718 592 856 678 genibus
879 592 939 658 sibi
964 593 1094 657 conscie
1117 612 1243 656 consue.

362 725 381 769 e
404 709 495 787 tergo
518 702 600 767 nitet
622 700 842 787 arctophylax,
866 700 1017 786 idemque
1039 701 1161 783 bootes,

361 810 446 897 qnod
471 810 608 875 stimulis
632 810 749 875 iunctis
772 810 872 873 instet
892 809 934 873 de
956 829 1046 873 more
1068 807 1225 890 iuuencis,

361 925 590 1002 arcturumque
613 917 698 1002 rapit
721 916 828 981 medio
852 918 911 981 sub
936 921 1067 1002 pectore
1090 936 1209 981 secum.

362 1032 395 1091 at
417 1032 510 1112 perte
534 1024 660 1089 exulis
684 1024 771 1089 clero
795 1023 884 1089 uolet
907 1025 985 1089 orbe
1009 1045 1129 1089 corone

307 1134 433 1200 molnce
456 1133 581 1197 micens
603 1131 711 1213 uerie3
734 1152 810 1195 nam
834 1130 928 1196 stelle
952 1131 1093 1196 uincitur
1115 1152 1182 1195 uns

331 1300 334 1311 .
361 1240 500 1305 circulus
524 1240 556 1303 in
582 1238 689 1304 medie
712 1238 817 1303 rediet
839 1259 923 1323 qnue
946 1220 1088 1303 maxims
1111 1239 1218 1303 fronte

358 1346 561 1431 candideque
585 1346 711 1411 ardenti
735 1346 904 1431 distinguit
926 1345 1049 1410 lumina
1071 1345 1218 1411 flemme:

362 1454 485 1520 Gnosia
509 1454 655 1519 desertae
680 1453 807 1537 fulgent
829 1454 1030 1517 monimento
1052 1442 1190 1539 puellae.

361 1569 396 1628 at
416 1563 487 1648 lyra
509 1562 649 1627 diductis
672 1582 731 1647 per
754 1561 879 1626 caelum
903 1560 1055 1626 cornibus
1077 1561 1163 1626 inter

307 1692 347 1736 335
362 1670 468 1736 sidera
491 1668 697 1755 conspicitur,
723 1686 789 1749 qua
812 1669 976 1754 quondum
1001 1676 1130 1755 ceperat
1154 1669 1305 1755 Orpheus

362 1799 457 1843 omne
480 1778 567 1863 quod
592 1779 743 1863 attigerat
766 1784 863 1842 ountn
888 1799 1065 1863 manesque
1087 1798 1147 1862 per
1170 1779 1256 1862 ipsos

361 1884 437 1949 lecit
459 1885 520 1950 iter
543 1885 732 1970 domuitque
754 1884 897 1949 infernus
922 1886 1065 1950 carmine
1087 1885 1187 1970 leges.

361 1994 436 2059 hinc
460 1992 607 2059 caelestis
630 1994 733 2059 honos
757 1993 936 2078 similisque
957 1994 1102 2079 potentie
1125 2013 1257 2058 censue:

362 2106 438 2166 tunc
462 2101 561 2166 siluas
585 2107 617 2165 et
640 2122 718 2166 sexo
741 2101 873 2167 uehens
897 2122 984 2165 nunc
1007 2101 1116 2167 sidere
1138 2100 1228 2165 ducit

308 2231 348 2277 sco
363 2214 394 2273 et
417 2210 503 2293 repit
525 2208 710 2275 inmensum
734 2208 847 2273 mundi
869 2208 1059 2273 reuolubilis
1083 2209 1205 2273 orbem.

362 2322 545 2401 serpentem
569 2317 696 2403 magnis
720 2316 898 2401 ophiuohus
922 2316 1053 2381 nomine
1076 2316 1194 2402 pugnis

362 2424 488 2504 diuidit,
511 2431 548 2489 ut
571 2430 653 2489 torto
678 2424 862 2509 cingentem
886 2444 1022 2509 corpore
1045 2445 1162 2509 corpus

361 2532 499 2617 explicet
522 2539 555 2599 et
577 2533 680 2598 nodos
703 2534 895 2617 sinuataque
920 2538 1012 2617 terge
1034 2552 1094 2617 per
1117 2532 1226 2612 orbes3

361 2640 493 2725 respicit
515 2640 569 2705 ille
593 2646 702 2705 tomen
726 2639 815 2704 molli
839 2639 968 2703 ceruice
990 2639 1128 2703 reflexus

308 2768 348 2811 335
362 2753 394 2811 et
417 2747 501 2812 redit
522 2746 620 2813 elusis
644 2768 703 2832 per
725 2747 799 2812 laxe
822 2747 990 2811 uolumine
1012 2746 1144 2832 pulcris:

361 2876 491 2941 semper
513 2855 574 2919 erit
596 2855 729 2940 paribus
751 2855 886 2936 bellurn,
910 2855 987 2940 quie
1010 2856 1135 2920 uiribus
1158 2859 1309 2941 aequent.

361 2962 510 3047 proxime
532 2984 601 3028 sors
625 2961 727 3049 cycni,
752 2984 849 3048 quem
873 2963 962 3027 coelo
986 2962 1133 3049 Iuppiter
1155 2964 1225 3048 ipse

362 3070 525 3155 imposuit,
548 3070 674 3136 formae
697 3072 847 3156 pretinm,
872 3092 938 3156 qne
961 3071 1046 3156 cepit
1068 3076 1242 3150 ementem,

363 3196 435 3241 cnm
460 3178 539 3242 deus
562 3179 596 3243 in
619 3178 750 3243 niueum
775 3178 943 3244 descendit
964 3200 1080 3244 uersus
1103 3179 1225 3243 olorem

309 3306 349 3350 sso
362 3290 518 3371 tergoque
541 3286 654 3376 fidenti
677 3286 814 3351 subiecit
837 3286 968 3371 plumeo
989 3286 1109 3351 Ledae.

362 3413 449 3457 nunc
472 3415 601 3479 qnoque
625 3394 772 3459 diductus
796 3394 911 3459 uolitat
934 3394 1080 3459 stellatus
1102 3394 1137 3459 in
1160 3394 1237 3459 eles.

363 3499 437 3565 hinc
462 3501 586 3566 imitate
608 3502 712 3566 nitent
734 3522 931 3587 cursumque
953 3502 1165 3588 habitumque
1188 3503 1325 3587 sagittae

363 3606 477 3673 sidere.
526 3615 593 3673 tum
619 3610 729 3697 magni
752 3609 840 3675 louis
863 3610 932 3675 eles
955 3609 1057 3675 lemur
1079 3612 1113 3675 in
1137 3610 1249 3692 altum,

309 3820 361 3875 316
373 3825 488 3891 ponunt
497 3825 566 3879 ente
576 3824 628 3879 314
639 3824 695 3895 glo
712 3824 750 3880 sd
761 3826 813 3879 316
824 3824 986 3893 Artcjtlorl
1002 3853 1033 3861 -
1045 3826 1096 3879 311
1107 3825 1235 3880 similiso
1249 3824 1345 3879 —321
1359 3824 1515 3892 mediogm

200 3918 290 3974 medio
302 3918 334 3974 lc
343 3921 439 3977 radiet
451 3936 480 3977 nr
497 3924 612 3979 radiant
625 3937 646 3974 c
658 3925 756 3992 fmmtc
769 3937 796 3977 m
811 3920 896 3993 (corr.
909 3940 925 3978 c
938 3937 974 3978 ex
987 3922 1018 3988 o)
1033 3956 1065 3965 -
1079 3924 1132 3978 323
1145 3927 1170 3978 et
1182 3922 1291 3993 roipert
1302 3920 1360 3991 lgc
1379 3926 1405 3976 et
1417 3935 1473 3976 om.
1485 3935 1516 3977 m

200 4017 395 4073 monimmtoo
409 4046 442 4057 -
455 4021 509 4075 324
521 4024 547 4075 ct
560 4022 650 4092 lyrao
664 4022 812 4077 dedecoroso
828 4051 859 4057 —
873 4022 926 4076 336
939 4023 1109 4091 ucttqerotm
1122 4035 1319 4090 mouonoquog
1333 4017 1516 4089 moerensquel

200 4132 347 4186 mercesque
359 4131 388 4171 m
402 4116 460 4187 (cl)
475 4146 507 4156 -
521 4118 575 4173 330
586 4122 741 4175 inmensum
754 4116 800 4173 ml
816 4121 891 4175 imm.
905 4134 925 4188 g
938 4148 973 4157 -
985 4119 1036 4174 331
1050 4120 1186 4189 ingentem
1198 4120 1306 4189 mugnis
1320 4118 1428 4189 Orpheo
1441 4119 1473 4173 de
1486 4132 1514 4172 m

200 4215 322 4285 3393333
347 4244 379 4253 -
403 4216 456 4270 332
478 4213 577 4285 11133331
601 4218 695 4284 (etiam
719 4215 784 4271 coll.
806 4215 896 4285 Vrat)
920 4220 995 4287 itque
1018 4219 1101 4273 diam
1119 4231 1160 4286 gc
1183 4222 1209 4272 et
1232 4221 1286 4272 tcto
1303 4231 1333 4271 m
1357 4220 1410 4272 toto
1428 4231 1450 4267 o
1473 4217 1515 4271 in·

198 4316 307 4381 pentem
323 4312 356 4369 lc
374 4316 469 4384 inpone
485 4328 505 4383 g
523 4318 658 4386 ingentem
676 4330 704 4369 m
724 4317 810 4381 (corr.
827 4315 987 4386 crispentur)
1011 4332 1118 4386 corpere
1134 4329 1174 4383 gc
1202 4344 1237 4353 -
1262 4314 1315 4370 333
1338 4315 1452 4385 cepticos
1468 4314 1513 4368 lm

200 4410 354 4482 55555333
373 4388 534 4483 expetito
552 4418 608 4483 og
626 4417 658 4468 ue
670 4429 692 4464 ω
716 4441 748 4449 -
773 4413 825 4469 335
845 4418 870 4469 et
888 4415 963 4470 nost
982 4428 998 4467 0
1018 4414 1145 4482 535535
1174 4442 1207 4450 -
1234 4413 1287 4469 333
1301 4412 1452 4483 moeso
1480 4440 1513 4451 -

201 4509 253 4564 337
273 4510 384 4579 cyprio
407 4538 439 4547 -
453 4512 505 4566 338
524 4512 644 4582 inposuit
655 4510 700 4565 lm
719 4513 805 4580 pretio
814 4530 834 4583 p
853 4513 974 4583 poeticen
992 4510 1037 4565 lm
1051 4538 1084 4547 ψ
1101 4511 1154 4565 339
1173 4513 1317 4566 inimicum
1332 4510 1390 4580 (ιιι,
1402 4507 1514 4565 delenit

201 4608 231 4662 et
251 4620 324 4661 corr.
338 4608 493 4675 triticeum)
507 4622 534 4663 m
547 4638 582 4646 -
596 4608 649 4663 340
663 4609 789 4679 plurimo
805 4609 838 4663 lc
855 4610 966 4680 plwneo
978 4624 998 4677 g
1012 4609 1123 4678 plumeo
1137 4623 1165 4663 m
1179 4608 1224 4675 (L)
1238 4609 1364 4677 plurimo
1376 4622 1404 4661 m
1418 4604 1466 4673 (E)
1480 4638 1513 4646 -

201 4706 252 4760 341
276 4704 404 4761 motae
419 4720 444 4760 0.
