3642 5259
802 402 889 461 Liber
906 402 941 462 V.
977 406 1128 463 589-611.

472 644 556 711 quae
578 629 635 687 tua
657 628 735 687 tunc
757 622 865 687 fuerat
888 620 1010 687 facies?
1057 644 1138 709 quas
1161 622 1245 708 fugit
1268 624 1301 688 iu
1325 645 1422 690 auras
1474 646 1477 655 ·

417 756 459 801 seo
473 728 624 818 spiritus?
647 735 685 793 nt
707 735 773 793 toto
797 736 973 795 caruerunt
995 732 1154 816 sanguine
1177 731 1335 813 membra,

473 861 546 906 cnm
570 843 626 903 tua
648 836 718 901 fata
741 838 830 902 cauis
853 858 872 901 a
894 838 1031 923 rupibus
1054 839 1125 924 ipsa
1149 839 1277 904 uideres

444 932 447 935 ⁴
472 948 711 1029 adnantemqne
734 945 792 1010 tibi
813 966 954 1030 poenam
979 946 1201 1033 *pelagusque
1224 947 1395 1028 ferentem,

472 1053 628 1143 quantula
650 1053 772 1139 praeda
795 1054 894 1117 marie
919 1053 1045 1138 quanti!
1092 1053 1145 1117 hic
1169 1053 1322 1119 subnolat
1344 1054 1405 1120 alis

469 1162 610 1228 Perseus
634 1166 667 1225 et
689 1160 778 1225 caelo
802 1160 948 1245 pendens
972 1156 1131 1226 iaculatur
1154 1162 1187 1226 in
1211 1162 1337 1227 hostem

416 1296 457 1339 sss
472 1269 645 1355 Gorgoneo
669 1267 805 1332 tinctum
830 1268 974 1353 defigens
999 1269 1157 1353 sunguine
1181 1269 1315 1335 ferrum.

470 1379 527 1443 illa
550 1376 636 1441 subit
659 1381 772 1439 contra
797 1396 990 1461 uersumque
1014 1398 1034 1439 a
1057 1378 1185 1462 gurgite
1208 1376 1349 1442 frontem

471 1484 568 1569 erigit
590 1489 623 1547 et
645 1484 738 1548 tortis
760 1483 902 1547 innitens
927 1482 1059 1549 orbibus
1084 1484 1147 1548 alte

471 1594 590 1658 emicat
613 1612 651 1655 aa
674 1596 741 1655 toto
764 1590 912 1656 sublimis
937 1611 1071 1676 corpore
1094 1592 1206 1656 fertur.

471 1700 529 1765 sed
552 1704 708 1785 quantum
732 1695 789 1762 illa
812 1699 899 1762 subit
922 1704 1024 1762 semet
1046 1698 1188 1764 iaculata
1212 1699 1384 1785 profundo,

417 1834 458 1877 eoo
472 1810 505 1873 in
529 1812 653 1871 tantum
678 1806 804 1870 reuolui
827 1806 1001 1891 laxumque
1025 1828 1084 1892 per
1107 1807 1241 1872 aethera
1264 1808 1346 1873 ludit

471 1914 611 1979 Perseus
634 1919 667 1976 et
690 1914 753 1977 ceti
775 1913 944 1979 subeuntis
968 1915 1120 1979 uerberat
1143 1935 1210 1980 ora.

471 2043 531 2087 nec
555 2021 640 2086 cedit
663 2025 771 2085 tamen
796 2022 852 2086 illa
873 2022 956 2102 uiro,
980 2022 1036 2086 sed
1060 2023 1165 2086 saeuit
1187 2022 1219 2087 iu
1244 2044 1340 2088 auras

471 2129 642 2212 morsibus,
666 2135 698 2192 et
722 2130 798 2193 nani
822 2130 1075 2214 crepitautsiue
1099 2131 1235 2195 uulnere
1258 2131 1385 2213 dentes3

472 2236 563 2301 efflat
585 2243 618 2301 et
640 2238 672 2302 in
698 2236 823 2301 caelum
847 2236 983 2323 pelagus
1007 2237 1189 2323 mergitqus
1212 2238 1376 2303 uolantem

416 2368 458 2413 eoa
472 2344 659 2429 sanguineis
683 2343 777 2409 undis
801 2351 1002 2430 pontumque
1026 2345 1167 2410 exstillat
1190 2346 1222 2409 in
1247 2350 1343 2409 astra.

472 2453 638 2539 spectabat
660 2473 804 2538 pugnam
826 2452 994 2538 pugnandi
1019 2474 1117 2517 causa
1140 2451 1264 2538 puella3

471 2562 601 2646 iamque
625 2560 725 2625 oblita
748 2559 798 2623 sui
822 2561 937 2623 metuit
960 2580 1018 2645 pro
1043 2560 1172 2625 uindice
1196 2560 1253 2625 tali

472 2670 638 2756 suspirans
661 2672 835 2752 animoque
858 2669 963 2753 magis
988 2690 1085 2753 quam
1109 2689 1244 2754 corpore
1267 2669 1396 2753 pendat.

471 2778 603 2842 tandem
627 2775 785 2841 confossis
808 2774 953 2839 subsedit
975 2776 1071 2841 belua
1094 2774 1249 2840 membris

417 2908 458 2953 s1o
471 2886 568 2970 plena
591 2884 690 2947 maris
714 2904 858 2947 summas
882 2884 1064 2969 iterumque
1087 2885 1217 2948 rennuit
1239 2884 1279 2948 ad
1304 2885 1406 2949 undas

472 2999 504 3056 et
526 3012 683 3077 maguum
706 2996 800 3054 uasto
824 2991 967 3054 contexit
989 3012 1123 3077 corpore
1146 2997 1297 3077 pontum3

472 3108 549 3165 tuna
572 3120 703 3184 quoque
725 3097 879 3161 terribilis
902 3118 963 3161 nec
986 3098 1123 3183 uirginis
1147 3120 1203 3164 ore
1226 3098 1376 3164 uidenda.

472 3205 639 3293 perfundit
661 3205 782 3290 liquido
807 3204 947 3269 Perseus
970 3206 1004 3269 in
1028 3227 1191 3271 marmore
1216 3227 1331 3293 corpus

471 3316 576 3379 maior
599 3319 632 3377 et
654 3334 694 3377 ex
718 3312 813 3377 undis
837 3312 878 3377 ad
901 3320 1013 3377 cautes
1036 3313 1185 3399 peruolat
1209 3314 1291 3378 altas

416 3445 458 3488 616
471 3422 632 3507 soluitque
655 3421 844 3485 haerentem
868 3420 984 3486 uinclis
1008 3422 1048 3485 de
1071 3442 1153 3507 rupe
1176 3421 1318 3507 puellam

472 3529 668 3613 desponsam
690 3550 812 3614 pugna,
835 3534 1009 3614 nupturam
1034 3529 1109 3594 dote
1132 3530 1252 3594 mariti.

471 3636 525 3700 hic
548 3635 637 3700 dedit
660 3635 887 3701 Andromedae
910 3638 1038 3702 caelum
1062 3637 1236 3722 stellasque
1260 3636 1411 3702 sacrauit.

418 3789 472 3843 589
491 3792 585 3841 tanco
603 3785 695 3857 quaql
713 3802 824 3857 qssusm
842 3800 929 3856 quag
946 3802 1026 3867 queo
1043 3785 1188 3843 uurolmc
1206 3786 1636 3857 πτας-5906666966·-

311 3888 365 3941 599
379 3888 525 3955 petoqaao
545 3914 578 3923 -
596 3887 651 3941 593
668 3887 781 3956 qmntia
797 3886 871 3941 bico
894 3888 1007 3956 quantia
1024 3884 1080 3941 inl
1104 3887 1267 3941 correctum
1287 3899 1322 3939 ex
1342 3885 1440 3953 quanti
1459 3886 1491 3939 ut
1511 3882 1636 3941 uidetur

312 3985 366 4038 alis
378 3982 423 4039 lm
442 3985 527 4039 unda
540 3997 581 4051 gc
600 4012 633 4020 —
650 3985 703 4039 595
723 3966 878 4054 ⁴¹⁰finqonal
898 3985 1063 4053 defiayemu
1082 4012 1114 4053 ή-
1132 3986 1185 4039 596
1204 4000 1337 4059 ausaque
1354 3983 1474 4052 assurgit
1492 4000 1511 4036 a
1528 3982 1635 4052 furtel

312 4081 415 4150 (Vrat.)
434 4100 453 4137 a
470 4082 595 4151 carpito
612 4082 689 4151 fonte
705 4080 716 4135 l
735 4080 805 4147 (ΒΓ.)
832 4100 966 4151 aereaque
989 4084 1109 4151 armagil
1128 4100 1146 4137 α
1164 4082 1240 4151 fonte
1253 4096 1293 4151 gc
1315 4078 1444 4151 (asurpit)
1462 4096 1596 4149 aereoque
1616 4100 1635 4136 a

308 4181 405 4251 purgit
415 4181 547 4247 efferatem
559 4210 590 4219 -
601 4182 653 4235 597
663 4178 780 4234 sortislc
791 4181 902 4249 fortisg
914 4179 992 4235 tortia
1000 4178 1079 4246 m(b)
1093 4180 1214 4235 inuitans
1223 4194 1250 4233 m
1260 4178 1304 4246 (Ιι)
1316 4178 1383 4234 allia
1393 4194 1410 4234 o
1422 4206 1453 4215 -
1464 4180 1517 4233 599
1526 4194 1635 4249 seanper

311 4280 437 4335 iaculato
461 4295 478 4332 0
504 4306 537 4314 -
563 4280 616 4333 600
642 4272 770 4333 maeaml⁰
796 4296 848 4349 per
872 4276 882 4331 l
915 4278 1010 4332 luscum
1030 4294 1081 4348 per
1106 4281 1130 4332 et
1155 4277 1306 4345 aetlecrug
1333 4304 1366 4314 —
1388 4278 1440 4331 601
1465 4278 1519 4331 ceci
1540 4290 1570 4331 m
1597 4304 1633 4314 -

311 4375 516 4434 6996609111]
545 4405 577 4415 -
606 4379 660 4432 604
686 4376 778 4446 etfllut
801 4376 854 4431 etl
882 4375 1047 4444 6916061111
1078 4405 1110 4413 ·-
1138 4377 1191 4431 605
1215 4376 1355 4431 aoetollitu
1383 4392 1418 4430 ao
1434 4374 1567 4429 stillatur
1597 4403 1633 4413 -

312 4477 365 4531 606
379 4475 479 4545 puella
490 4489 544 4543 gm
558 4474 676 4555 parallel
690 4476 786 4544 puelle
798 4488 814 4529 c
828 4502 860 4511 -
874 4476 928 4529 609
945 4455 1040 4529 bc¹uol
1060 4474 1138 4529 belua
1150 4488 1203 4541 gm
1223 4474 1342 4529 menbris
1355 4488 1375 4542 g
1392 4472 1539 4529 moubraio
1552 4487 1581 4527 m
1598 4502 1634 4511 —

312 4576 366 4629 610
387 4590 510 4630 minorue
531 4573 656 4629 iteruml
678 4589 852 4641 summusque
874 4574 976 4626 iterum
990 4586 1064 4640 gem
1087 4571 1243 4655 inposuitl
1266 4572 1393 4642 regnauit
1408 4585 1434 4625 m
1463 4572 1575 4627 rennuit
1590 4588 1635 4641 gc

312 4674 396 4728 uada
408 4672 420 4726 l
433 4706 469 4713 -
481 4673 535 4728 613
548 4673 700 4742 perfundit
712 4670 723 4725 l
737 4672 887 4741 perfundit
899 4685 929 4725 m
943 4672 1074 4741 perfudit
1087 4684 1128 4737 go
1146 4698 1179 4707 -
1192 4672 1246 4725 614
1264 4670 1321 4725 alto
1333 4668 1390 4737 lgc
1409 4669 1483 4725 altus
1496 4682 1523 4723 m
1537 4667 1584 4736 (L)
1598 4700 1635 4709 -

312 4774 365 4829 616
382 4769 672 4840 messmam
684 4784 713 4824 111
733 4802 767 4810 .-
785 4770 1007 4824 creatuturam
1020 4784 1048 4823 ιιι
1069 4798 1101 4805 -
1124 4770 1175 4825 em
1195 4744 1423 4835 1666669161
1445 4767 1594 4836 areamque
1607 4782 1635 4824 0.

1803 5102 1804 5157 l

1802 5174 1804 5232 l
