3642 5259
719 326 804 389 Liber
824 330 858 387 ll.
895 331 1009 387 23-53.

372 546 593 633 siluarumque
616 548 693 612 deos
717 556 907 634 sacrataque
931 549 1064 613 numina
1088 548 1237 632 lymphis,

371 657 460 741 pacis
484 678 564 741 opus
588 678 723 741 magnos
747 662 882 721 naturae
906 657 1015 721 condit
1037 657 1071 719 in
1095 677 1180 719 usus.

332 786 358 827 25
372 770 532 829 astrorum
557 764 687 848 quidam
712 765 820 828 uariam
844 764 954 829 dixere
977 763 1099 847 figuras

372 872 529 956 signaque
553 871 669 936 diffuso
694 872 815 957 passim
838 872 981 937 labentia
1004 872 1093 936 caelo

372 979 406 1042 in
429 978 594 1065 proprium
619 980 775 1065 cuiusque
798 1002 901 1064 genus
925 1000 1104 1065 causasque
1127 980 1244 1044 tulere:

374 1083 495 1151 Persea
518 1092 550 1151 et
572 1086 804 1157 Andromedan
828 1108 934 1172 poena
955 1094 1157 1173 matremque
1181 1087 1343 1151 dolentem

374 1191 618 1278 soluentemque
641 1200 767 1279 patrem
791 1202 981 1280 raptamque
1005 1194 1156 1281 Lycaone
1180 1201 1289 1259 natam

334 1322 361 1367 co
374 1300 546 1385 officioque
570 1300 657 1367 Iouis
682 1300 892 1387 Cynosuram,
918 1302 1001 1367 lacte
1024 1302 1182 1388 capellam

375 1415 407 1471 et
429 1406 514 1472 furto
539 1429 685 1493 cycnum,
709 1409 828 1493 pietate
852 1408 893 1473 ad
918 1408 1025 1474 sidera
1047 1409 1177 1473 ductam

374 1514 538 1600 Erigonen
560 1516 692 1601 ictuque
715 1537 832 1602 nepam
856 1516 1024 1602 spolioque
1047 1516 1175 1580 leonem

376 1629 409 1685 et
429 1642 539 1686 morsu
564 1643 727 1705 cancrum,
751 1625 855 1709 pisces
880 1621 1073 1708 Cythereide
1097 1644 1202 1704 uorsa,

376 1729 556 1814 lanigerum
581 1731 667 1795 uicto
691 1730 861 1795 ducentem
885 1731 992 1795 sidera
1013 1737 1113 1816 ponto

337 1858 363 1899 cs
378 1842 549 1921 ceteraque
573 1858 613 1901 ex
636 1838 735 1903 uariis
758 1838 934 1924 pendentia
956 1839 1084 1903 casibus
1107 1844 1195 1903 astra

378 1944 509 2009 aethera
532 1966 591 2030 per
613 1966 775 2010 summurn
801 1946 974 2010 uoluerunt
993 1946 1059 2009 fixa
1081 1946 1215 2011 reuolui.

378 2071 515 2135 quorum
539 2052 735 2119 carminibus
759 2053 838 2117 nihil
863 2060 913 2117 est
936 2053 996 2117 nisi
1020 2052 1132 2117 fabula
1155 2053 1291 2133 caelum,

379 2165 506 2223 terrane
530 2160 713 2245 composuit
734 2160 870 2241 caelum,
895 2180 979 2245 quae
1001 2161 1122 2245 pendet
1145 2160 1185 2224 ab
1209 2160 1274 2224 illo.

379 2266 456 2349 quin
480 2266 577 2331 etiam
600 2288 753 2351 pecorum
777 2268 858 2331 ritus
881 2274 915 2330 et
937 2266 1029 2331 Pana
1052 2275 1220 2333 sonantem

339 2395 366 2437 rc
379 2373 411 2436 in
437 2372 578 2438 calamos
602 2374 712 2439 Sicula
735 2380 893 2439 memorat
916 2374 1031 2439 tellure
1054 2386 1195 2454 creatum

380 2500 439 2545 nec
462 2479 553 2545 siluis
577 2482 724 2546 siluestre
748 2482 835 2546 canit
857 2502 979 2567 perque
1001 2482 1133 2546 horrida
1155 2487 1262 2545 motus

379 2608 456 2653 rura
479 2589 558 2652 serit
580 2588 683 2653 dulcis
707 2610 897 2673 musamquc
920 2589 1045 2654 inducit
1066 2590 1101 2653 in
1124 2610 1214 2653 arua.

353 2704 355 2711 ’
381 2715 456 2759 ecce
480 2694 561 2759 alius
585 2696 688 2781 pictas
712 2696 860 2761 uolucres
885 2718 923 2761 ac
947 2696 1031 2761 bolla
1055 2697 1207 2773 serarum,

381 2803 435 2869 ille
458 2809 635 2868 uenenatas
658 2804 784 2889 anguis,
808 2804 860 2869 hic
883 2811 978 2890 prata
999 2826 1059 2889 per
1081 2805 1198 2868 herbas

342 2932 368 2972 45
382 2910 449 2975 lata
471 2909 573 2974 refert
595 2900 762 2997 uitamque
784 2933 844 2975 sua
866 2911 976 2976 radice
999 2912 1141 2976 ferentis.

383 3019 459 3103 quin
484 3018 581 3082 eliam
605 3019 746 3084 tenebris
769 3020 947 3085 inmersum
971 3025 1115 3085 tartaron
1140 3025 1210 3083 atra

383 3126 416 3190 in
439 3126 545 3190 lucem
569 3125 608 3190 de
634 3134 726 3193 nocte
749 3134 868 3192 uocant
891 3128 1068 3213 orbemque
1091 3128 1265 3192 reuoluuut

384 3233 517 3298 interius
540 3254 671 3299 uersum
695 3240 830 3299 naturae
854 3233 985 3300 foedere
1008 3241 1112 3321 rupto.

385 3363 479 3407 omne
503 3364 605 3428 genus
628 3364 737 3408 rerum
761 3344 875 3407 doctae
899 3345 1046 3408 cecinere
1071 3363 1211 3422 sorores3

345 3451 489 3515 momnis
513 3452 554 3515 ad
578 3472 726 3516 accessus
751 3450 917 3515 Heliconis
940 3452 1055 3515 semita
1079 3451 1154 3515 trita
1177 3457 1235 3532 est,

384 3563 416 3620 et
439 3558 504 3622 iam
528 3558 654 3624 confusi
677 3566 812 3623 manant
834 3558 875 3623 de
898 3558 1042 3623 fontibus
1066 3580 1178 3623 amnes

385 3686 445 3730 nec
469 3668 601 3751 capiunt
622 3666 774 3731 haustum
798 3666 991 3749 turbamque
1014 3666 1055 3730 ad
1079 3672 1157 3730 nota
1178 3672 1335 3730 ruentem.

386 3772 512 3857 integra
535 3794 729 3858 quaeramus
751 3774 891 3839 rorantis
914 3763 1008 3858 prata
1029 3794 1089 3859 per
1110 3774 1227 3839 herbas

334 3977 368 4031 23
381 3976 496 4031 ricuino
509 3992 536 4032 m
553 3978 701 4047 uimplrico
719 4006 751 4014 -
766 3976 955 4046 28pcreilgc
967 3977 1088 4045 pareim
1106 3976 1345 4032 andrmncdco-
1355 3990 1533 4045 pomo-

227 4071 1535 4145 uaccam-coenomano-arnesburg-eaeremo-cooeuralqcem-

228 4148 1536 4244 aemapclcrerrcqiogmqdlqruegccacumquccepencetm-acrumpcoerumlc

138 4306 141 4311 -
224 4285 351 4339 pecorum
377 4270 519 4341 rituagm
548 4299 580 4308 —
609 4275 645 4327 40
671 4272 793 4328 crectlal
822 4274 955 4340 σκαιῶς
982 4277 1157 4326 nwtuccm
1180 4298 1213 4308 -
1236 4271 1478 4341 tlpcrquodm
1502 4298 1535 4309 -

229 4367 628 4424 lldclcieoc'ucuraao—
649 4368 1124 4425 43cceluolucrecobacbcllcm
1145 4360 1537 4439 -ucencnaumqubl

229 4464 1537 4537 cemmtcronyuismucnenctoecupuicgcnatcpcro—lbcucmlmmcgcfcrmtieo'-

231 4567 264 4619 46
282 4566 467 4620 iumcmumo
488 4563 1359 4634 tartaraocctclcnctrcgmnam-couuuomo—
1379 4566 1537 4619 burotam

229 4666 325 4717 natac
345 4690 377 4699 -
397 4665 431 4717 53
449 4664 570 4717 rorantia
584 4663 618 4731 lg
636 4669 783 4717 ruarmo
801 4665 916 4718 rotantis
929 4678 955 4717 ru
977 4662 1030 4729 (t).

260 4800 263 4807 .
284 4764 392 4827 uisurus.
414 4790 430 4827 r,
661 4794 664 4801 ¹
1432 4768 1449 4821 3
