3642 5259
696 387 780 445 liber
800 388 832 445 ll.
870 390 1020 445 sec-458.

308 630 348 671 333
362 606 506 672 articulis
529 626 594 671 nno
618 606 777 670 seruantis
802 612 947 691 ternpore
970 612 1152 691 utrumque.

361 734 424 799 quo
449 714 554 778 minus
578 712 695 778 infesto
720 713 886 778 decertant
910 713 1017 777 sidera
1040 714 1134 778 bello.

359 818 437 883 tatic
461 817 525 882 crit
547 818 633 883 333333
658 817 802 883 diuersis
827 817 944 883 addito
966 817 1081 902 3393333.

413 929 463 993 his
487 929 723 993 animaduersis
747 929 844 993 rebus
868 949 951 1013 qnae
974 930 1122 1013 proxima
1145 930 1243 993 cura?

359 1056 493 1101 noscere
517 1035 633 1100 tutelas
657 1035 846 1120 adiectaque
871 1036 1005 1099 numina
1028 1036 1139 1121 signis,

305 1167 346 1207 435
361 1151 392 1208 et
416 1164 499 1229 qnae
523 1144 639 1228 cuique
663 1143 723 1207 deo
748 1164 855 1207 rerum
880 1150 997 1208 natura
1020 1144 1152 1223 dicauit,

359 1273 433 1315 cunr
456 1252 567 1316 diuina
592 1252 680 1315 dedit
702 1252 830 1337 magnis
854 1252 1028 1317 uirtutibus
1050 1274 1108 1316 ore

359 1359 502 1424 condidit
525 1364 557 1423 et
579 1360 688 1423 uarias
711 1380 802 1423 sacro
827 1359 886 1423 snb
911 1360 1042 1424 nomine
1066 1360 1163 1439 uires,

359 1467 484 1551 pondus
509 1468 555 1531 uti
578 1466 675 1531 rebus
699 1487 837 1551 persona
860 1467 1028 1552 imponere
1050 1469 1161 1552 possit.

358 1574 539 1659 lanigerum
562 1574 681 1654 Pallas,
705 1581 835 1639 taurum
858 1573 1020 1659 Cytherea
1043 1581 1160 1656 tuetur,

303 1706 343 1744 333
357 1680 515 1747 formosos
540 1680 691 1747 Phoebus
715 1684 876 1767 geminos3
902 1681 1056 1767 Cyllenie,
1081 1703 1245 1764 cancrum,

356 1788 479 1875 Iupiter
502 1797 534 1853 et
557 1811 629 1853 curn
654 1796 757 1854 matre
782 1790 877 1854 deum
902 1790 988 1875 regis
1011 1790 1080 1875 ipss
1103 1790 1242 1873 leonem,

357 1896 508 1981 spicifera
531 1904 580 1961 est
603 1898 695 1982 uirgo
721 1895 857 1977 Cereris,
881 1897 1105 1983 fabricataque
1129 1897 1230 1962 libra.

356 2004 503 2083 Vulcani,
529 2026 659 2090 pugnax
682 2005 821 2070 Mauorti
845 2007 989 2091 scorpios
1013 2006 1139 2087 haeret3

356 2120 529 2176 uouentem
553 2111 661 2177 Diana
685 2112 802 2193 uirum,
826 2114 882 2177 sed
907 2114 1008 2199 partis
1031 2115 1180 2198 equinae,

302 2241 341 2281 333
356 2226 452 2305 atque
477 2226 615 2305 angusta
638 2220 729 2284 fouet
751 2221 931 2305 capricorni
955 2221 1062 2285 sidere
1085 2220 1196 2300 Uesta,

356 2333 388 2390 et
409 2326 497 2391 louis
521 2328 658 2393 aduerso
682 2326 815 2392 Iunonis
840 2329 991 2412 aquarius
1015 2334 1139 2392 astrum
1162 2334 1220 2408 est,

356 2435 564 2519 agnoscitque
588 2456 663 2500 suos
686 2434 856 2520 Neptunus
880 2436 911 2499 in
936 2456 1076 2520 aequore
1099 2436 1212 2521 pisces.

355 2541 429 2607 hinc
453 2564 581 2627 quoque
606 2564 725 2628 magna
748 2541 806 2606 tibi
830 2543 962 2607 uenient
985 2549 1149 2606 momento
1171 2542 1307 2605 futuris

354 2671 428 2713 curn
452 2652 534 2714 ratio
558 2657 615 2715 tua
638 2671 695 2735 per
719 2650 828 2715 stellas
851 2656 883 2714 et
905 2650 1013 2713 sidera
1036 2656 1180 2731 curret„

301 2778 341 2820 333
354 2764 546 2843 argumenta
569 2765 658 2843 petes
682 2758 770 2821 onini
794 2757 833 2821 de
857 2764 949 2842 perte
974 2758 1107 2841 uiasque

354 2865 442 2946 artis,
468 2871 503 2930 ut
525 2866 656 2950 ingenio
679 2865 790 2929 diuina
813 2865 958 2950 potentie
981 2871 1103 2949 surgat,
1132 2886 1137 2900 ¹

353 2977 597 3058 exaequentqne
620 2972 718 3037 fidem
744 2972 831 3036 caelo
857 2972 1006 3037 mortalia
1029 2972 1135 3035 corda.

406 3080 515 3165 accipe
538 3080 660 3145 diuisas
684 3080 823 3145 hominis
846 3101 905 3164 per
927 3080 1035 3144 sidere
1058 3086 1166 3163 partes

353 3187 544 3271 singulaque
567 3181 601 3252 in
625 3188 762 3273 propriis
787 3188 934 3271 parentia
958 3187 1105 3251 membra
1128 3186 1249 3275 figuris,

299 3314 339 3357 333
353 3292 385 3356 in
410 3293 481 3377 quis
505 3295 697 3379 praecipuas
720 3301 786 3359 toto
811 3294 850 3357 de
875 3315 1009 3379 corpore
1032 3295 1119 3358 uires

353 3408 512 3466 exercent
560 3404 642 3466 eries
668 3409 765 3488 caput
787 3409 836 3466 est
859 3408 941 3465 erite
958 3402 1067 3467 omnia
1089 3402 1240 3485 princeps

352 3509 493 3590 sortitus,
518 3531 697 3595 censusque
722 3510 771 3574 sui
795 3509 1013 3594 pulcherrima
1036 3508 1120 3573 colla

352 3620 472 3698 taurus,
498 3624 530 3681 et
551 3619 584 3695 in
608 3618 746 3703 geminis
770 3617 898 3702 aequali
923 3617 1074 3681 bracchia
1096 3622 1182 3681 sorte

297 3808 350 3863 333
366 3812 537 3867 amasco
559 3846 590 3853 -
610 3814 659 3867 333
682 3797 844 3867 33333333
863 3811 1002 3865 deamat
1017 3828 1066 3867 333
1084 3812 1246 3879 marg
1265 3774 1296 3846 ὲ
1315 3812 1501 3865 anteesse

184 3922 303 3976 93333333
314 3911 473 3963 3333333333
486 3912 513 3963 et
523 3927 589 3977 933333
601 3911 695 3977 33339333
712 3910 754 3963 Do
773 3908 941 3963 3333333333
952 3912 1028 3977 cipeto
1041 3925 1060 3978 g
1076 3910 1123 3963 3335
1139 3909 1216 3963 erius
1229 3908 1273 3963 dei
1291 3909 1372 3962 totels
1385 3926 1501 3977 93339333

187 4002 266 4073 339333
283 4004 340 4059 33334
356 4020 442 4058 m
466 4006 517 4060 435
538 4026 585 4075 que
604 4008 700 4076 quipse
720 4024 745 4061 nr
771 4025 921 4075 9333339333
939 4023 1005 4057 33-
1010 4010 1091 4061 436
1117 4022 1277 4076 3339333333
1303 4008 1406 4076 33393333
1422 4024 1443 4057 o
1466 4037 1498 4044 -

187 4076 1498 4183 433334333333331’333434343393333333333333333338-441339311339333333339343-

187 4212 241 4265 443
251 4210 356 4280 93933333
367 4229 381 4266 c
393 4213 515 4281 scorpion
527 4228 558 4266 c
554 4213 668 4281 scorpios
678 4228 698 4263 ω
714 4213 844 4267 3333333333
855 4228 949 4281 grn—
914 4216 1010 4266 —444
1018 4212 1181 4280 933333333-
1196 4215 1248 4266 445
1260 4216 1423 4280 3393333333
1428 4212 1498 4277 l'-)

186 4312 240 4361 446
260 4312 313 4363 cto
332 4310 444 4364 33333333
464 4304 506 4363 1331
509 4305 597 4365 ’333334
621 4311 733 4365 latronis
751 4312 809 4377 nn(
815 4311 882 4376 lli--
883 4314 961 4365 448
978 4311 1071 4377 semri
1083 4326 1136 4377 gin
1154 4309 1343 4377 fctrsrolc-
1311 4314 1409 4365 449
1421 4298 1498 4377 feri

183 4406 299 4475 scrtgc
321 4408 377 4474 fers
396 4424 421 4461 nr
439 4386 565 4462 cii'ri·'etl
590 4412 725 4473 33333433
748 4414 840 4463 3333334
858 4426 938 4463 33-
958 4412 1008 4463 451
1033 4408 1213 4461 3433333333-
1240 4408 1292 4461 452
1316 4412 1413 4466 exe‘t“‚
1406 4402 1471 4465 Ψ
1488 4408 1498 4460 l

186 4510 336 4572 3333933334
349 4520 376 4559 m
395 4510 589 4573 eroeqctentqoe
602 4522 643 4575 gc
661 4536 693 4544 -
710 4510 778 4563 ante
798 4508 849 4563 453
869 4524 935 4575 quae
953 4506 1060 4560 33333533
1078 4506 1199 4559 taracona
1217 4504 1310 4571 orsique
1328 4506 1404 4575 349333
1421 4505 1498 4559 attri-

185 4604 336 4667 5333333333
355 4604 502 4657 (ortu-ibam
521 4604 578 4657 33334
591 4608 630 4667 ni)
648 4634 680 4642 -
695 4607 746 4659 454
764 4581 915 4673 9333333334
934 4602 1060 4672 proprios
1074 4617 1101 4655 nr
1119 4601 1236 4668 3333333333
1248 4615 1289 4662 gc
1304 4631 1334 4637 -
1348 4605 1401 4655 455
1418 4619 1497 4671 333333-

184 4700 266 4767 cipno
281 4716 307 4753 in
329 4730 359 4736 —-
381 4706 431 4755 455
451 4682 552 4755 sortiti
571 4704 686 4757 sortitur
700 4721 720 4753 33
740 4720 829 4758 33333333
844 4720 871 4758 nt
891 4704 953 4758 collo
966 4718 991 4756 c.
