3642 5259
818 382 904 441 hiber
922 383 956 441 n.
996 386 1158 441 114-111.

485 602 703 685 materiaeque
727 606 777 665 sat
799 608 848 664 est
871 602 954 685 cogi,
978 602 1035 665 sed
1059 622 1174 685 cogere
1197 602 1328 667 mundo.

431 711 556 795 nequis
580 707 704 773 caelum
727 710 829 793 possit
851 709 914 773 nisi
938 710 1019 773 caeli
1042 730 1176 774 munere
1199 730 1294 775 nosse

483 824 515 883 et
537 819 679 902 reperire
702 816 808 889 deum,
834 817 894 879 nisi
919 817 974 900 qui
997 838 1072 901 pars
1096 818 1164 902 ipse
1188 817 1322 882 deorum
1344 816 1413 881 est?

482 926 596 1011 quisue
619 924 703 988 banc
726 923 863 988 connexi
886 923 1005 987 molem
1029 925 1098 988 sine
1121 925 1186 989 fine
1210 926 1349 1010 patentis

420 1018 423 1027 ¹
481 1034 712 1117 signorumque
736 1031 849 1096 choros
874 1052 911 1095 ae
934 1031 1047 1096 mundi
1070 1032 1222 1097 flammea
1245 1039 1330 1097 tecta

480 1148 647 1205 aeteruum
673 1146 704 1203 et
727 1139 826 1203 stellis
851 1140 1007 1204 aduersus
1030 1140 1138 1205 sidera
1160 1140 1281 1205 bellum

344 1296 348 1301 -
427 1270 466 1313 no
481 1264 518 1309 ac
541 1249 648 1309 terrae
672 1243 822 1325 caeloque
845 1243 971 1325 fretum
993 1244 1201 1326 subiectaque
1224 1243 1375 1325 utrisque

478 1375 610 1421 cernere
634 1360 667 1418 et
690 1359 826 1438 angusto
851 1354 910 1419 sub
934 1362 1063 1439 pectore
1088 1354 1239 1419 claudere
1262 1362 1380 1439 posset,

478 1464 511 1528 ni
534 1468 639 1527 tantos
664 1461 780 1526 animia
803 1462 912 1527 oculos
936 1467 1053 1527 natura
1075 1462 1217 1526 dedisset

476 1574 712 1655 cognatamque
735 1568 785 1633 sui
808 1576 951 1633 mentem
973 1568 1124 1634 uertisset
1146 1569 1188 1633 ad
1211 1568 1316 1655 ipsam

475 1682 508 1741 et
529 1682 655 1741 tantum
679 1676 832 1740 dictasset
856 1697 948 1761 opus,
972 1676 1127 1761 caeloque
1150 1677 1277 1741 ueniret

421 1807 460 1849 125
475 1783 561 1869 quod
584 1793 679 1847 uocat
702 1784 735 1846 in
760 1783 885 1847 caelum
909 1804 1003 1848 sacra
1026 1784 1068 1847 ad
1091 1785 1286 1849 commercia
1308 1784 1387 1849 caeli

474 1897 506 1956 et
528 1892 649 1977 primas
673 1911 753 1975 quas
777 1891 856 1955 dant
878 1892 967 1976 leges
991 1892 1198 1955 nascentibus
1221 1892 1327 1957 astra?

473 1999 545 2085 quis
568 2004 664 2083 neget
687 2020 758 2062 esse
781 1997 873 2063 nefas
897 1999 1036 2063 inuitum
1060 1999 1218 2083 prendere
1241 2000 1397 2063 mundum

472 2115 504 2171 et
527 2105 617 2171 uelut
640 2106 673 2170 in
697 2112 799 2171 semet
822 2112 953 2191 captum
976 2105 1135 2171 deducere
1158 2106 1192 2171 in
1216 2106 1348 2170 orbem?

470 2214 527 2279 sed
550 2234 592 2279 ne
615 2214 749 2278 circuitu
773 2213 870 2298 longo
894 2213 1066 2277 manifesta
1089 2213 1276 2298 probentur,

418 2344 456 2387 reo
469 2320 540 2407 ipsa
562 2320 643 2385 fides
666 2320 756 2406 operi
780 2320 878 2385 faciet
900 2321 1092 2407 pondusque
1115 2320 1287 2405 fidemque.

469 2449 544 2493 nam
567 2449 672 2513 neque
697 2428 855 2513 decipitur
878 2430 960 2493 ratio
984 2449 1044 2492 nec
1068 2428 1187 2513 decipit
1210 2448 1378 2513 umquam3

468 2537 528 2599 rite
552 2535 717 2621 sequenda
741 2536 794 2600 uia
817 2542 866 2600 est
889 2557 927 2599 ac
950 2536 1037 2600 neris
1061 2534 1183 2599 credita
1206 2535 1323 2617 causis,

443 2650 667 2727 euentusque
691 2644 794 2722 datur,
820 2644 925 2728 qualis
947 2643 1145 2728 praedicitur
1168 2650 1253 2707 ante.

462 2751 548 2835 qnod
570 2750 702 2816 fortuna
725 2756 830 2815 ratum
854 2750 963 2830 faciat,
989 2751 1061 2834 quis
1084 2750 1193 2815 dicere
1216 2751 1332 2815 falsum

413 2882 451 2923 mo
466 2858 585 2933 audeat
607 2867 639 2923 et
663 2864 771 2922 tantae
795 2858 949 2943 suffragia
973 2858 1104 2923 uincere
1127 2859 1242 2923 sortis?

464 2965 545 3029 hacc
559 2954 629 3050 ‘ego
653 2965 764 3030 diuino
789 2967 917 3051 cupiam
942 2987 1015 3029 cum
1040 2966 1081 3029 ad
1104 2966 1211 3030 sidera
1233 2966 1312 3029 flatu

463 3071 559 3154 ferre,
582 3094 642 3137 nec
666 3074 699 3137 in
723 3072 818 3138 turba
841 3094 901 3137 nee
925 3074 1040 3136 turbae
1063 3073 1208 3137 carmina
1230 3072 1378 3152 condam,

459 3179 517 3243 sed
540 3180 627 3245 solus
650 3200 754 3245 uacuo
779 3180 880 3245 ueluti
904 3184 1052 3243 uectatus
1075 3180 1109 3244 in
1132 3179 1210 3243 orbe

460 3286 577 3351 librato
601 3309 706 3367 curru,
731 3309 797 3352 non
821 3288 1065 3352 occursantibus
1088 3286 1161 3351 ullis

409 3414 522 3459 nonec
545 3396 684 3479 pariter
707 3396 811 3459 socios
835 3415 1006 3460 commune
1031 3395 1218 3479 gerentibus
1241 3401 1341 3475 actua

460 3502 517 3567 sed
542 3503 630 3567 caelo
655 3503 818 3567 noscenda
842 3522 957 3566 canam
980 3501 1174 3567 mirantibus
1197 3503 1292 3567 astris

408 3690 457 3743 114
486 3684 639 3757 mauricelii
663 3687 755 3758 fatum
777 3687 787 3743 l
814 3687 945 3743 materiae
965 3688 1090 3757 [atomo
1123 3686 1303 3755 materiaeque
1325 3693 1405 3754 satg
1432 3690 1612 3756 munitaeque

297 3784 432 3841 mmmm
448 3813 480 3823 -
497 3788 546 3840 115
561 3784 726 3855 poseitlcm
744 3789 863 3855 possctg
881 3802 1028 3867 macerae
1047 3789 1162 3842 maneto
1183 3784 1337 3852 (nomem)
1356 3812 1388 3821 -—
1410 3786 1459 3839 116
1479 3784 1534 3839 nisi
1551 3785 1611 3855 ipsa

295 3926 362 3979 para
376 3926 403 3966 m
422 3910 647 3980 quipustpsao
660 3940 694 3948 -
710 3914 758 3966 112
772 3868 942 3981 αΐᾳαεοᾛη]
960 3893 980 3968 ir
995 3926 1010 3966 c
1028 3912 1115 3981 nieig
1132 3913 1191 3966 aine
1203 3926 1231 3965 m
1246 3910 1526 3978 patmuslparenab
1538 3926 1560 3960 ω
1575 3944 1608 3951 -

202 4048 205 4053 ·
253 4066 255 4069 ,
299 4012 346 4064 121
366 4016 455 4079 posset
472 4024 491 4077 g
510 4010 633 4079 poscito
659 4038 691 4047 —
718 4012 767 4065 122
791 4010 891 4065 catorio
913 4010 1034 4078 ocrdoog
1056 4010 1147 4064 animi
1168 4010 1256 4064 oculas
1272 4024 1294 4060 o
1319 4038 1351 4046 -
1379 4010 1428 4065 125
1451 4008 1609 4063 commercio

294 4124 422 4165 rcrumo
448 4138 480 4146 -
510 4110 559 4162 126
579 4108 673 4177 prima
691 4124 719 4162 m
748 4136 779 4144 -
809 4111 857 4162 121
881 4112 989 4163 matum
1008 4122 1035 4161 m
1054 4108 1222 4175 prendcrco
1249 4136 1282 4143 -
1311 4108 1360 4161 123
1383 4105 1546 4161 attentare
1572 4134 1608 4144 -

296 4208 347 4262 130
361 4209 511 4275 ponamque
524 4221 553 4261 m
573 4233 606 4243 —
629 4206 676 4261 131
697 4222 827 4274 umquam
840 4204 886 4260 lm
904 4220 1057 4274 uaqcmmg
1077 4234 1108 4243 -
1131 4204 1348 4259 recusandae
1371 4232 1404 4241 -
1426 4205 1476 4259 134
1492 4196 1608 4274 sacidtg

295 4304 420 4374 saciatur
440 4303 534 4371 (faciet
550 4304 696 4369 ratumm)
719 4318 853 4358 rurcmc
877 4330 909 4339 -
936 4304 985 4357 135
1007 4303 1090 4370 fortia
1107 4316 1135 4356 m
1161 4330 1192 4339 -
1219 4303 1270 4356 136
1291 4300 1389 4369 flotam
1407 4316 1434 4355 m
1456 4301 1549 4368 fatoc
1572 4332 1606 4339 —

294 4403 343 4457 let
369 4402 484 4468 cartag
507 4400 614 4455 turbam
631 4418 652 4453 ω
675 4390 822 4467 cunctati
845 4400 990 4455 cardineo
1012 4402 1136 4455 carmina
1152 4415 1173 4451 ω
1198 4398 1346 4469 coadamg
1371 4398 1505 4469 quondum
1523 4416 1544 4450 ω
1571 4430 1604 4439 -

204 4588 205 4591 ¹
293 4512 343 4564 139
370 4472 536 4566 Vtiruamiiii'
550 4482 678 4569 abital
708 4506 796 4583 Vtere
818 4510 873 4561 tam
890 4524 989 4562 carrae
1006 4523 1034 4562 m
1060 4508 1120 4563 Vba
1139 4514 1167 4561 ta
1184 4521 1318 4561 mrruec
1340 4507 1464 4585 casbrato
1482 4523 1568 4562 cana
1586 4522 1605 4576 g

290 4617 350 4670 noto
375 4615 582 4671 cursantibnac
610 4615 663 4669 iltis
686 4630 712 4668 m
744 4642 776 4652 -
808 4615 859 4669 110
880 4613 984 4681 partim
1003 4628 1031 4668 m
1060 4642 1092 4651 -
1128 4616 1175 4669 141
1205 4613 1337 4669 uomodo
1356 4577 1605 4671 mmmmm]

290 4712 449 4769 recentibus
463 4728 500 4767 m.
1224 4712 1228 4720 ’
