3642 5259
674 395 763 459 Liber
780 400 830 459 ΙΙΙ.
865 401 1018 461 oco-550.

259 702 263 712 Ι
298 646 340 691 aa
353 621 473 687 idcirco
496 624 587 684 touta
610 626 791 686 astrorum
814 619 976 686 discordia
1000 620 1031 685 iu
1055 642 1146 701 aeuo,

352 737 385 795 ot
408 728 555 794 subtexta
580 727 674 791 malis
697 727 783 793 boue
806 735 891 808 sunt,
916 728 1133 813 lacrimaeque
1157 735 1336 815 sequuntur

353 843 439 916 uota,
463 856 523 900 uec
546 834 579 899 in
603 842 736 901 cunctos
756 840 867 900 seruat
889 834 1018 901 fortuna
1042 844 1202 918 tenorem3

352 964 455 1029 usquc
477 942 559 1008 adeo
581 943 741 1030 permixto
763 943 836 1007 fluit
857 964 917 1009 uec
940 950 1110 1029 pormanet
1131 965 1268 1029 usquam

352 1051 524 1136 amisitque
545 1050 644 1116 fidem
668 1050 825 1116 uariando
848 1058 966 1117 cuncta
988 1072 1047 1137 per
1069 1053 1184 1118 omnis.

297 1183 338 1227 uec
351 1180 415 1225 uon
439 1158 534 1223 annis
556 1158 633 1222 euni
656 1178 717 1223 uec
740 1178 868 1223 menses
890 1159 1056 1225 mensibus
1080 1181 1182 1244 usque

351 1267 558 1347 conueniunt,
582 1286 682 1351 seque
705 1267 775 1352 ipse
798 1266 867 1333 dics
891 1267 1056 1352 aliumque
1079 1268 1224 1353 requirit,

350 1374 495 1458 horaque
517 1395 583 1439 non
606 1374 664 1439 ulli
687 1374 801 1441 similis
823 1374 1012 1461 producitur
1035 1376 1144 1457 horae,

350 1489 497 1569 tempora
520 1481 607 1565 quod
629 1481 750 1547 distant
771 1482 911 1568 propriis
935 1484 1081 1569 parentia
1102 1482 1202 1570 siguis

348 1612 407 1678 per
429 1610 581 1655 numeros
605 1590 709 1655 omnis
732 1591 806 1655 aeui
829 1590 935 1656 diuisa
958 1592 1108 1673 uolantis,

295 1722 336 1765 aaa
349 1697 488 1783 talisque
512 1696 658 1762 efficiunt
680 1718 796 1763 census
819 1719 978 1783 casusque
1002 1699 1176 1780 minantur,

350 1805 459 1890 qualia
481 1810 567 1885 sunt,
591 1826 727 1891 quorum
751 1806 877 1871 uicibus
900 1812 969 1871 tum
993 1806 1161 1887 uertimur,
1185 1812 1283 1873 aetra.

402 1918 489 1995 sunt,
512 1912 629 1998 quibus
652 1919 686 1978 et
708 1913 789 1980 caeli
812 1914 941 2000 placcat
964 1916 1125 1981 nascentis
1149 1916 1189 1981 ab
1214 1922 1296 1996 ortu,

349 2016 467 2093 cidere,
492 2038 590 2101 quern
610 2023 796 2085 memorant
818 2017 1018 2103 horoscopon
1041 2018 1234 2085 inventuros

349 2134 441 2213 parte
464 2128 550 2212 quod
573 2150 612 2193 cx
635 2128 692 2193 ille
714 2129 908 2195 describitur
931 2130 1012 2195 hora
1034 2128 1159 2211 dicbus,

295 2258 336 2303 oso
349 2257 445 2301 omne
467 2258 571 2321 genus
594 2236 728 2302 rationis
751 2238 805 2321 egi
827 2258 886 2323 per
909 2242 1055 2322 tempora
1078 2243 1111 2302 et
1132 2242 1229 2317 astra,

348 2349 381 2408 et
403 2344 508 2428 eapite
531 2364 570 2408 cx
595 2365 659 2409 uuo
682 2366 810 2409 menses
833 2365 1000 2428 annosque
1024 2344 1158 2428 diesque

348 2451 491 2535 incipere
514 2456 611 2535 atque
633 2450 730 2517 horae
754 2451 903 2536 tradique
926 2451 1135 2535 sequentibus
1159 2450 1268 2530 astris3

348 2562 380 2621 et
403 2578 600 2643 quamquam
624 2558 712 2625 socia
735 2564 910 2624 nascantur
934 2558 1058 2645 origine
1082 2564 1209 2640 cuneta,

347 2665 493 2731 diuersas
516 2671 625 2730 tamen
649 2687 720 2731 esse
743 2666 842 2747 uices,
867 2666 954 2750 quod
978 2666 1101 2731 tardius
1124 2666 1190 2748 illa,

293 2772 427 2837 achaeo
451 2772 545 2838 citius
568 2780 727 2859 peragant
749 2773 871 2839 orbem.
919 2773 1009 2839 uenit
1031 2773 1136 2839 omnis
1160 2773 1201 2839 ad
1224 2778 1346 2838 astrum

347 2882 427 2946 hore
450 2880 513 2962 dia,
536 2881 586 2945 bis
609 2902 721 2946 mense
743 2882 823 2963 dies,
847 2881 947 2947 semel
970 2902 1054 2947 unus
1076 2881 1110 2946 iu
1135 2902 1219 2947 auno

347 2990 467 3054 merrsis
491 2996 523 3053 et
546 2987 666 3053 exactis
688 2989 738 3054 bis
762 3009 818 3054 sex
841 2989 904 3054 iam
931 2988 1053 3055 solibus
1076 3009 1190 3054 annus.

346 3096 478 3161 difficile
500 3103 549 3160 cst
572 3097 605 3161 iu
628 3096 714 3162 idem
737 3102 864 3183 tempus
887 3117 1080 3162 concurrere
1103 3102 1230 3179 cuncta,

346 3204 443 3269 unius
467 3210 502 3269 ut
523 3203 608 3290 signi
630 3204 753 3290 pariter
774 3205 802 3270 si
824 3204 933 3270 mitior
955 3224 1070 3287 annus,

291 3334 333 3378 cao
346 3312 519 3397 asperioris
542 3318 619 3397 agat
640 3334 800 3393 meusem;
825 3313 853 3377 si
875 3313 997 3378 mensis
1019 3313 1053 3379 in
1077 3318 1198 3379 astrum

293 3543 346 3600 525
370 3548 480 3599 mum
497 3542 616 3599 rmml
638 3548 718 3599 tanto
734 3558 870 3600 roronem
894 3572 927 3581 ·-
952 3540 1005 3598 526
1023 3547 1197 3613 sequacem
1222 3570 1254 3581 -·
1278 3543 1331 3599 528
1353 3541 1495 3613 acquclm

183 3643 467 3713 wgo-529
486 3633 598 3713 misi
615 3642 770 3711 canaam
788 3657 908 3699 mccc
926 3670 958 3679 -
977 3642 1031 3697 530
1049 3642 1113 3697 aeca'
1132 3632 1234 3697 anm⁴l
1252 3658 1343 3697 causo
1361 3642 1496 3709 anauga

184 3743 267 3797 anaia
284 3742 354 3797 onai
366 3755 395 3795 m
413 3754 562 3809 ucqoumg
580 3770 613 3781 -
632 3740 682 3795 531
703 3742 793 3810 ipaoo
812 3719 956 3809 requiritl
974 3740 1129 3809 reperiretur
1146 3766 1180 3776 -
1195 3739 1247 3795 533
1266 3756 1321 3795 non
1338 3738 1424 3807 olttg
1441 3756 1496 3795 uon

183 3840 260 3896 auiti
271 3838 304 3895 lc
330 3838 481 3895 concilim
510 3866 543 3875 -
572 3838 625 3893 533
643 3839 744 3907 quode
770 3839 900 3893 casato
930 3864 962 3873 -
979 3836 1043 3892 ’534
1061 3828 1173 3891 omniel
1200 3854 1291 3893 manea
1309 3852 1325 3892 c
1352 3828 1495 3894 autentici

183 3938 309 3993 uolontas
321 3952 337 3993 c
350 3966 383 3973 -
397 3937 449 3991 535
463 3937 612 4005 talosquco
630 3949 763 3991 monceau
781 3936 945 3991 amittantur
958 3949 987 3990 m
1000 3966 1034 3975 -
1047 3934 1098 3989 536
1113 3935 1179 3989 doen
1192 3949 1208 3990 c
1221 3962 1253 3972 —
1268 3934 1336 3990 ante
1349 3936 1400 3991 537
1417 3936 1495 3991 cuiue

182 4036 259 4106 είφιί
269 4036 382 4105 quaque
398 4051 489 4089 canuc
500 4036 537 4090 sit
550 4050 569 4103 g
589 4033 818 4089 ALTERATIO
833 4032 958 4089 chVs.
973 4032 1095 4088 SIGNI.
1113 4032 1295 4103 Qvlsqva.
1308 4032 1451 4115 ANNVs.
1466 4034 1493 4088 S.

183 4136 248 4189 tum
261 4133 292 4189 tn
306 4132 447 4203 sequente
459 4130 539 4187 linea
553 4146 656 4187 uersus
670 4130 765 4186 instar
778 4129 913 4195 (miuusc.
931 4128 1013 4197 litto:
1032 4132 1090 4185 Act
1107 4130 1206 4185 morata
1223 4134 1272 4185 aot
1289 4132 1346 4186 dice
1362 4134 1411 4186 cot
1427 4131 1494 4187 horo

182 4232 221 4287 cit
234 4246 264 4286 m
287 4230 316 4286 iu
336 4230 348 4285 l
366 4229 494 4301 spatium
513 4228 638 4286 duarum
657 4228 802 4285 linearum
823 4242 952 4284 uacuum
971 4226 1116 4295 relictum,
1137 4225 1168 4283 in
1188 4240 1293 4297 marga
1316 4229 1404 4285 attero
1421 4230 1494 4285 ratio

183 4329 329 4399 44443ρηί
354 4329 468 4399 quisquc
493 4346 584 4385 oenoe
611 4329 784 4383 cutm
809 4326 1160 4383 authorcautdiecsit
1190 4355 1222 4363 -
1251 4326 1302 4381 537
1328 4326 1493 4382 ctum.lm

182 4428 331 4499 placentin
348 4426 459 4483 omaso
478 4456 513 4464 -
532 4428 584 4482 eae
602 4440 711 4497 quomo
729 4424 919 4497 mmo
943 4454 976 4463 -
1000 4424 1052 4479 ose
1072 4424 1262 4481 camatero
1287 4452 1318 4461 -
1343 4412 1493 4495 5404931

183 4526 272 4596 apim
291 4525 400 4595 opttgc
419 4552 452 4562 -
471 4526 522 4579 541
542 4526 645 4595 capito
663 4552 696 4561 -
715 4522 766 4579 542
787 4525 874 4579 tradit
892 4537 997 4578 co-
1014 4524 1066 4577 543
1085 4520 1199 4593 special
1217 4522 1329 4577 sociam
1348 4524 1493 4594 spotiagc

181 4626 337 4679 mansur
349 4636 366 4676 ο
379 4650 410 4660 -
425 4622 478 4678 544
498 4623 605 4678 Murcus
617 4636 659 4691 go
672 4650 704 4659 -
719 4622 771 4676 545
788 4621 856 4677 locro
874 4619 954 4691 dicei
974 4621 1031 4675 dica
1043 4634 1065 4669 o
1081 4647 1111 4655 -
1126 4620 1177 4671 547
1196 4618 1297 4673 solibus
1309 4635 1415 4675 annum
1428 4634 1445 4673 ο
1459 4646 1491 4656 -

181 4714 972 4797 Mssctetpaiporitercttmcnciceto-twopc‘zc.
1340 4769 1343 4774 .

1385 4818 1422 4879 61
