3642 5259
822 374 908 433 Liber
926 376 962 433 ll.
999 379 1149 433 951-970.

488 615 528 658 ue
552 593 680 673 mirere,
703 592 788 679 nigri
811 594 837 658 si
861 592 947 658 Ditis
970 594 1069 659 inune
1091 594 1195 658 fertur

487 708 520 766 et
541 701 640 765 finem
663 702 781 766 retinet
802 722 862 787 per
883 708 974 767 tante
995 702 1141 787 pericula
1163 702 1286 767 mortis.

486 810 540 873 hie
563 809 658 873 etiarn
683 810 753 894 ipse
776 808 844 873 dies
869 809 1005 875 moritur
1026 816 1194 896 terresque
1217 830 1277 895 per
1299 809 1411 875 orbem

486 915 625 1001 subripit
646 922 679 980 et
700 917 803 982 noetis
827 923 957 1002 euplum
982 917 1042 983 sub
1066 938 1195 981 earcere
1218 917 1348 982 claudit.

431 1048 472 1091 ees
486 1045 546 1089 nee
569 1044 635 1089 non
659 1029 691 1087 et
712 1023 789 1089 fidei
812 1024 947 1089 tutelam
970 1024 1115 1088 uindicet
1136 1024 1200 1109 ipsi

387 1206 392 1217 ,
484 1130 624 1217 pectoris
647 1138 680 1195 et
701 1131 837 1217 pondus.
884 1136 977 1196 tnnte
998 1137 1048 1195 est
1070 1132 1103 1195 iu
1127 1131 1205 1196 sede
1227 1136 1380 1218 potestas,

487 1259 569 1325 qnae
593 1244 689 1303 uocat
711 1244 744 1303 et
767 1239 876 1304 condit
899 1238 1068 1303 Phoebum
1091 1237 1270 1324 recipitque
1292 1238 1458 1324 refertque

486 1351 752 1431 eonsummatqne
775 1346 872 1411 diem.
919 1346 976 1411 teli
1000 1345 1059 1411 sub
1083 1346 1155 1431 lege
1180 1345 1341 1410 notandae

484 1453 680 1539 templorum
704 1451 762 1517 tibi
786 1460 862 1518 sunt
884 1454 981 1535 uires,
1006 1474 1087 1538 quus
1109 1453 1259 1538 peruolet
1282 1453 1387 1518 omnis

431 1584 472 1627 seo
486 1567 646 1625 astrorum
670 1561 771 1625 series
794 1561 948 1647 ducitque
971 1565 1004 1625 et
1026 1560 1212 1626 commodet
1234 1559 1296 1624 illis

485 1670 556 1754 ipsa
578 1689 653 1732 suus
675 1668 776 1753 leges,
800 1668 978 1753 stellaeque
1002 1690 1042 1733 ex
1065 1668 1179 1733 ordine
1201 1675 1300 1751 eerto,

484 1784 521 1841 ut
544 1782 659 1841 natura
682 1775 767 1856 sinit,
791 1775 931 1841 lustrent
954 1778 1127 1861 uariasque
1149 1776 1295 1840 locorum

484 1884 631 1948 efficiunt
653 1883 750 1963 uires,
774 1892 951 1968 utcumque
974 1883 1081 1948 aliena
1103 1889 1276 1969 capessunt

485 2012 587 2075 regne
609 1998 642 2055 et
664 1992 697 2056 in
722 1992 863 2056 externis
886 1991 1057 2057 subsidunt
1079 1992 1208 2077 hospite
1230 1992 1354 2055 cestris,

432 2120 472 2163 ees
486 2098 566 2163 heee
590 2098 669 2162 mihi
692 2099 752 2162 sub
776 2105 864 2163 certa
884 2099 1055 2179 stellarum
1077 2103 1171 2184 perte
1195 2104 1365 2177 canentum

486 2226 572 2270 nune
596 2207 674 2270 satis
697 2212 755 2286 est,
780 2206 861 2270 caeli
885 2211 994 2291 partes
1017 2204 1192 2291 titulosque
1215 2211 1344 2270 notasse

486 2314 685 2398 effectusque
707 2312 770 2377 looi
793 2334 852 2398 per
875 2334 910 2378 se
934 2314 1090 2398 cuiusque
1112 2314 1265 2398 deosque.

486 2418 541 2481 eui
560 2416 655 2500 parti
678 2436 798 2506 nomen
817 2417 942 2500 posuit,
966 2417 1025 2499 qui
1048 2416 1335 2501 condiditurbem,

488 2528 658 2608 ootetopm,
679 2544 743 2608 per
767 2525 854 2607 quod
876 2524 991 2590 stellae
1015 2524 1152 2590 diuersa
1174 2525 1327 2591 uolentes

432 2658 473 2703 ero
487 2654 567 2715 quos
591 2632 734 2697 reddant
756 2637 874 2715 molus,
896 2631 1035 2715 proprio
1058 2632 1154 2697 uenit
1177 2631 1291 2697 ordine
1314 2652 1439 2699 rerum.

434 2848 484 2903 951
514 2863 585 2903 neo
615 2877 648 2885 —
673 2850 725 2903 952
749 2846 856 2902 lacuna
878 2848 946 2902 ino
975 2848 999 2915 (;
1023 2867 1039 2902 r
1057 2848 1088 2903 in
1112 2862 1204 2917 marg.
1224 2847 1247 2915 l)
1275 2848 1306 2903 in
1329 2863 1349 2917 g
1374 2846 1459 2903 addit
1480 2862 1558 2904 man.
1582 2863 1640 2905 rec.

325 2945 459 3015 mortique
480 2946 584 3001 locate
612 2974 644 2983 —
669 2948 721 3001 953
744 2946 840 3001 lineo
865 2945 920 3012 (tte
941 2946 978 3012 e)·
1001 2974 1034 2984 —
1063 2948 1114 3001 954
1138 2946 1297 3015 mpripitg
1322 2974 1359 2985 -
1385 2948 1438 3002 955
1459 2945 1581 3015 immo
1605 2976 1640 2985 —

327 3071 379 3126 958
393 3070 666 3139 eorseummelquelm
684 3022 1110 3141 wmmrmtquegcidddllepem
1124 3070 1376 3141 talieednootefgc
1390 3072 1591 3141 -959qrmo
1605 3102 1641 3111 —

328 3171 379 3224 969
398 3169 564 3237 intrantque
578 3183 606 3223 m
630 3170 691 3237 (que
708 3168 765 3223 del.
786 3168 871 3233 corr.)
895 3198 929 3207 -
953 3171 1005 3225 964
1022 3169 1173 3225 absistunt
1188 3184 1207 3239 g
1224 3169 1370 3225 umidum
1384 3186 1406 3222 o
1430 3199 1463 3207 -
1488 3172 1539 3225 966
1562 3171 1641 3241 effec-

327 3266 439 3336 esriel
456 3268 648 3337 efferentem
670 3294 701 3303 —
720 3268 772 3322 966
795 3266 878 3337 Quin
895 3282 1015 3337 erceng
1034 3296 1066 3305 -
1084 3268 1137 3323 969
1152 3270 1326 3338 eowtropoeo
1343 3266 1441 3336 predo
1460 3267 1642 3340 subscriptio

327 3364 411 3420 nulle
432 3364 464 3420 iu
488 3364 498 3419 l
529 3364 614 3434 apte
635 3352 672 3419 ni
693 3365 751 3421 orde
772 3364 888 3435 prefatio
910 3366 973 3421 libri
996 3366 1071 3422 tertii
1094 3381 1114 3435 g
1142 3364 1183 3420 Μ.
1203 3363 1307 3421 Manlii
1327 3365 1416 3422 Bessi
1434 3366 1644 3425 Admomieon

326 3464 394 3519 liber
412 3464 451 3519 II
465 3464 573 3533 eplicit
589 3463 676 3532 felicit
692 3464 787 3532 incipit
806 3464 903 3519 terties
915 3480 945 3520 m
964 3462 1055 3535 (maj.)
1076 3479 1118 3534 Ur
