3642 5259
820 366 906 426 uther
924 366 945 424 1.
977 329 1133 427 334-333.

480 594 609 652 assueto
634 585 774 651 uolitans
795 593 899 673 gestet
923 609 982 651 ceu
1005 586 1144 653 fulmina
1167 586 1288 651 mundo

426 694 580 779 teodigna
602 692 683 757 Ioue
706 701 739 759 et
762 695 861 775 caelo,
885 695 973 780 quod
996 694 1098 759 sacris
1120 694 1251 758 instruit
1273 694 1383 759 armis.

479 809 548 867 tum
572 822 700 887 quoque
725 802 765 867 de
787 808 886 887 ponto
910 802 1014 887 surgit
1036 800 1208 886 delphinus
1231 801 1272 866 ad
1295 807 1384 866 astra

480 909 594 975 oceani
618 910 763 995 caelique
787 911 885 975 decus
908 930 967 995 per
991 915 1163 994 utrumque
1186 914 1342 975 sacratus.

480 1039 576 1103 quem
600 1018 713 1102 rapido
738 1024 872 1082 conatus
895 1039 999 1103 equus
1021 1016 1254 1101 comprendere
1278 1038 1375 1083 cursu

480 1125 613 1191 festinat
635 1131 748 1210 pectus
771 1126 910 1211 fulgenti
933 1125 1038 1189 sidere
1062 1125 1176 1189 clarus.

426 1256 466 1299 333
480 1241 513 1299 et
534 1234 645 1298 finitur
668 1235 699 1298 iu
725 1218 950 1313 Andromeda3
975 1250 1076 1313 quarn
1097 1229 1245 1295 Perseus
1268 1230 1373 1296 armis

480 1338 581 1422 eripit
605 1342 636 1403 et
657 1336 762 1405 sociat
783 1337 856 1415 sihi,
881 1338 937 1403 cui
960 1340 1105 1406 succedit
1126 1340 1238 1425 iniquo
1269 1398 1273 1410 ,

480 1450 621 1515 diuisum
644 1450 747 1534 spatio
771 1449 917 1515 deltoton
939 1450 1070 1514 nomine
1093 1448 1183 1513 sidus

480 1578 519 1622 ex
542 1556 641 1621 simili
664 1556 796 1637 dictum,
820 1556 906 1641 quod
930 1556 1054 1641 lampas
1077 1556 1174 1621 tertia
1197 1556 1307 1641 dispar

435 1672 442 1691 '
480 1665 676 1750 conspicitur
699 1664 845 1749 paribus;
870 1662 1084 1749 Cepheusque
1108 1671 1141 1729 et
1163 1662 1340 1749 Cassiopea

426 1796 466 1839 333
480 1772 514 1836 in
537 1793 659 1857 poenas
683 1771 810 1857 signata
834 1794 909 1837 snas
933 1773 1086 1858 iuxtaque
1110 1772 1223 1837 relicta

479 1880 723 1947 Andromedam
746 1885 856 1945 uastos
879 1885 1075 1944 metuentem
1100 1880 1209 1965 pristis
1233 1880 1339 1945 hiatus

480 1988 658 2074 expositam
682 1994 781 2073 ponto
804 1988 902 2053 deflet
925 1988 1130 2074 scopulisque
1153 1989 1343 2053 reuinctam.

480 2098 514 2161 in
538 2102 682 2161 ueterem
705 2094 845 2161 Perseus
869 2096 959 2160 eaelo
984 2116 1113 2181 quoqne
1135 2096 1242 2160 feruet
1264 2118 1409 2161 amorem

480 2204 665 2289 auxilioque
689 2203 779 2267 iuuet
802 2201 1022 2289 fugiendoque
1046 2202 1208 2287 Gorgonis
1232 2224 1289 2268 ora

426 2336 467 2378 seo
480 2311 638 2377 sustineat
661 2311 865 2397 spoliumque
888 2310 950 2375 sibi
972 2316 1161 2395 pestemque
1184 2310 1317 2375 uidenti.

479 2426 548 2484 tum
571 2419 680 2483 uicina
703 2418 810 2483 ferens
834 2419 909 2483 nixo
932 2420 1071 2503 uestigia
1094 2426 1186 2484 tauro

480 2527 658 2593 heniochus
682 2527 787 2592 studio
812 2528 1034 2614 mundumque
1058 2535 1091 2592 et
1112 2548 1231 2592 nomen
1256 2527 1403 2613 adeptus,

315 2640 320 2648 '
392 2666 394 2671 ·
480 2656 577 2721 quem
600 2634 742 2721 primum
765 2656 862 2699 curm
885 2636 1076 2700 uolitantem
1099 2634 1245 2720 Iuppiter
1268 2635 1333 2700 alto

481 2741 682 2829 quadriiugis
706 2743 873 2828 conspexit
894 2744 986 2828 equis
1009 2742 1165 2827 caeloque
1188 2742 1339 2807 sacrauit.

426 2872 467 2915 333
481 2851 567 2915 hunc
590 2851 730 2916 subeunt
753 2852 849 2915 haedi
872 2850 1061 2916 claudentes
1085 2852 1190 2929 sidere
1214 2858 1360 2936 pontum,

481 2959 597 3023 nobilis
621 2966 653 3023 et
675 2960 788 3024 mundi
811 2960 932 3024 nutrito
956 2979 1032 3045 rege
1056 2959 1205 3044 capella,⁴

481 3066 572 3130 cuius
596 3067 636 3132 ab
662 3067 814 3132 uberibus
839 3088 994 3152 magnum
1017 3065 1072 3130 ille
1093 3066 1241 3130 ascendit
1264 3066 1438 3152 Olympum

480 3176 564 3239 lacte
587 3174 655 3239 fero
679 3196 828 3239 crescens
852 3175 893 3238 ad
917 3172 1055 3237 fulmina
1078 3174 1209 3258 uimque
1233 3174 1382 3255 tonandi3

481 3282 564 3347 hanc
589 3304 666 3369 ergo
691 3283 831 3348 aeternis
855 3283 970 3347 merito
995 3282 1136 3346 sacrauit
1158 3283 1191 3346 in
1214 3283 1309 3346 astris

423 3414 464 3456 333
478 3390 623 3477 Iuppiter
647 3398 679 3456 et
702 3392 784 3457 caeli
807 3392 934 3455 caelum
957 3389 1106 3454 mercede
1130 3390 1287 3475 rependit.

481 3499 689 3585 pleiadesque
712 3499 899 3585 hyadasque
923 3498 983 3563 feri
1006 3496 1240 3584 parsjiursque
1264 3499 1348 3562 tauri

481 3610 514 3673 in
538 3610 672 3673 boream
695 3608 864 3671 scandunt.
912 3608 992 3671 haec
1018 3614 1092 3672 sunt
1116 3607 1280 3692 aquilonia
1303 3608 1406 3691 signa.

428 3815 480 3869 344
499 3812 633 3869 adsuctol
651 3814 768 3869 adsedet
787 3817 812 3868 ct
833 3827 859 3867 m
878 3810 925 3881 (E)
944 3814 1075 3869 3313αά313
1092 3816 1116 3868 ct
1134 3826 1163 3868 m
1181 3810 1226 3878 (L)
1245 3814 1291 3867 mci
1309 3826 1329 3880 g
1347 3829 1395 3867 cccc
1412 3825 1435 3862 ω
1452 3811 1581 3867 mundio
1599 3839 1635 3848 —

321 3914 373 3969 347
392 3914 545 3968 hoeceanic
567 3914 658 3968 octnui
670 3926 701 3967 m
724 3940 757 3951 -
781 3913 834 3967 343
854 3913 919 3967 dine
931 3926 962 3966 m
984 3929 1069 3981 apum
1083 3927 1104 3962 ω
1129 3939 1162 3948 -
1185 3911 1237 3966 349
1256 3912 1340 3966 charis
1353 3924 1384 3965 m
1403 3936 1437 3948 -
1456 3910 1509 3965 350
1526 3910 1636 3965 Andro

320 4012 430 4068 amdan
450 4040 482 4049 -
505 4010 555 4066 351
577 4015 602 4067 et
620 4012 689 4081 cipit
702 4025 729 4065 m
756 4038 789 4049 ·-
809 4010 952 4065 353-354
971 4010 1079 4066 dianus
1095 4011 1183 4081 spatio
1201 4010 1272 4078 quod
1291 4008 1374 4063 tertie
1393 4008 1519 4078 lampade
1531 4006 1554 4073 (l
1568 4007 1636 4062 lem·

320 4110 395 4179 poda
407 4109 440 4175 u)
464 4111 629 4179 conspicitur
642 4110 759 4179 pulchras
782 4110 899 4164 deltoton
924 4110 999 4174 (inde
1017 4110 1070 4163 tolo
1087 4107 1127 4173 m)
1151 4110 1260 4162 nominc
1277 4108 1355 4161 aidan
1374 4122 1408 4161 ca
1425 4106 1514 4161 simili
1531 4106 1636 4160 dictum

322 4207 433 4278 cepheus
451 4212 476 4262 ct
497 4208 672 4278 Oassszcao
695 4234 730 4246 -
754 4208 806 4262 354
826 4208 991 4277 sequuntur
1008 4206 1039 4260 iu
1057 4219 1074 4259 o
1097 4206 1239 4260 399-402
1263 4202 1335 4260 ‘hacc
1352 4222 1473 4259 uacuum
1491 4230 1524 4239 -
1543 4204 1637 4258 sidua

322 4302 442 4361 miscest'
467 4304 537 4371 (duo
561 4304 633 4361 folia
657 4304 913 4375 quadragenorum
937 4306 1146 4373 quaternorum
1170 4316 1308 4358 uersuum
1333 4318 1470 4372 peruersa
1497 4299 1635 4368 colligata

322 4414 407 4468 eraut
420 4412 450 4469 iu
471 4415 494 4469 Α
508 4410 656 4478 ‘Duhuerb
674 4438 705 4449 -
725 4410 776 4466 355
787 4414 942 4467 relictamo
959 4441 990 4449 —
1002 4412 1054 4465 356
1060 4412 1146 4481 piscis
1158 4424 1175 4463 o
1188 4438 1221 4447 -
1235 4411 1288 4464 358
1300 4411 1331 4464 in
1343 4410 1400 4478 lgc
1418 4430 1453 4466 33
1466 4426 1493 4465 m
1503 4372 1603 4482 *felhhl
1616 4427 1636 4479 g

320 4516 411 4567 3333331
423 4528 445 4563 ω
460 4540 492 4550 -
506 4514 558 4566 359
572 4512 706 4579 mettisque
719 4526 738 4578 g
752 4538 784 4547 —-
797 4512 850 4565 360
864 4514 1008 4577 testemque
1020 4523 1037 4562 0
1051 4536 1084 4545 -
1098 4508 1147 4561 361
1162 4524 1230 4562 nacco
1243 4521 1260 4562 o
1272 4537 1303 4545 —
1318 4506 1370 4562 362
1384 4510 1509 4565 euinctus
1521 4511 1590 4579 glm
1601 4539 1635 4548 -

322 4620 375 4675 363
394 4622 521 4690 prinmo
545 4648 579 4657 -
602 4620 655 4674 365
670 4581 768 4673 ldhhel
788 4623 852 4673 tunc
864 4632 885 4667 ω
914 4642 947 4653 -
970 4616 1022 4670 365
1042 4616 1179 4671 cludentes
1196 4629 1225 4669 m
1243 4616 1381 4671 cludentes
1394 4631 1416 4668 ω
1438 4619 1531 4672 sidem
1548 4631 1577 4671 m
1602 4646 1634 4655 -

324 4720 375 4775 366
395 4718 499 4774 nubilis
510 4716 578 4773 lmc
596 4717 694 4772 nobilis
708 4730 728 4785 g
747 4744 780 4753 —
800 4716 850 4770 371
871 4713 1013 4783 iuraqucl
1031 4719 1150 4783 atraque
1162 4729 1185 4765 c>
1203 4742 1236 4751 -
1257 4714 1308 4769 372
1328 4715 1426 4770 3333333
1443 4730 1463 4784 g
1481 4716 1589 4771 boreum
1604 4730 1634 4771 n.
