3642 5259
707 392 792 449 Liber
810 391 844 451 ll.
882 396 1032 449 ula-elo.

373 632 471 697 quam
494 611 618 676 colitur.
666 632 807 695 namque
831 616 879 675 eat
902 615 1020 675 natura
1041 610 1152 675 mitius
1174 617 1296 675 astrum

373 712 619 805 expeditumque
642 738 720 783 suae
743 736 859 796 noxae,
883 737 944 781 nec
966 716 1135 783 fraudibus
1156 716 1230 783 ullie

317 850 358 892 en
373 847 431 891 nee
455 826 562 891 minue
584 826 717 911 ingenio
739 825 828 890 molli
851 846 950 911 quam
974 844 1108 910 corpore
1131 830 1266 891 constal.

372 933 434 999 illia
457 940 507 999 oet
528 933 641 999 soritae
664 934 765 1019 signis
787 931 994 1019 praedaeque
1017 932 1144 1019 cupido,

373 1041 562 1127 uenalieque
586 1040 713 1107 animno
737 1062 802 1106 non
825 1061 1004 1126 numquam
1027 1042 1184 1107 excedere
1207 1042 1294 1128 cogit

373 1147 601 1215 commoditate
623 1148 732 1229 fidem,
757 1168 816 1213 nee
839 1147 938 1231 longa
962 1153 1011 1212 eet
1033 1148 1139 1232 gratia
1161 1148 1250 1229 faeti,

370 1261 467 1341 alque
490 1256 524 1321 in
547 1255 730 1342 lanigerum
753 1262 866 1341 partus
890 1256 950 1320 sub
973 1261 1112 1341 utroque
1135 1256 1261 1341 trigono

319 1386 360 1429 eno
375 1384 438 1429 non
461 1384 576 1449 paoem
599 1363 656 1429 sed
679 1383 755 1429 rara
778 1364 862 1447 gerit
883 1384 943 1449 pro
966 1369 1112 1449 tempore
1134 1362 1230 1428 bella.

371 1468 459 1551 quod
480 1466 600 1551 feritaa
622 1466 798 1551 unicoque
822 1467 929 1553 moqie
948 1489 1014 1551 pro
1038 1472 1183 1552 ternpore
1206 1467 1300 1553 cepit.

373 1581 445 1666 plue
468 1586 577 1644 tamen
600 1578 635 1643 in
659 1578 780 1665 duplici
804 1580 1043 1644 numerandum
1066 1585 1115 1643 eet
1137 1578 1262 1645 roboris
1285 1598 1366 1661 eoae,

374 1686 426 1751 eui
448 1686 641 1751 commixtus
665 1686 761 1751 homo
785 1692 844 1768 eat,
869 1707 967 1771 quam
990 1692 1032 1769 te,
1056 1685 1230 1769 Nemeaea,
1254 1686 1313 1751 sub
1336 1706 1411 1751 uno.

373 1794 493 1859 ideireo
516 1800 549 1859 et
571 1815 636 1879 pax
658 1799 707 1859 eet
729 1794 831 1879 signio
854 1800 888 1858 et
910 1794 1011 1858 mixta
1034 1794 1186 1880 querella.

320 1924 360 1966 eae
374 1902 452 1987 quin
475 1902 573 1967 etiam
596 1902 681 1967 tauri
705 1902 893 1987 capricorno
916 1902 1062 1985 iungitur
1083 1908 1216 1982 aenum

279 2072 281 2079 ,
374 2032 434 2075 nec
457 2010 561 2096 magia
583 2010 714 2075 illorum
737 2016 854 2075 coeunt
877 2010 920 2075 ad
942 2010 1075 2076 foedera
1097 2016 1233 2075 mentes.

374 2118 537 2203 uirgineos
560 2118 659 2184 eliam
681 2124 793 2204 partus
817 2118 1015 2204 quicumque
1034 2125 1186 2183 creantur

376 2231 469 2289 tauro
493 2225 663 2311 complecti
687 2226 831 2311 cupiunt,
855 2225 911 2290 aed
935 2246 1033 2311 saepe
1056 2232 1244 2311 queruntur.

375 2353 519 2417 quosque
543 2333 667 2398 dabunt
689 2334 802 2398 chelae
824 2333 1012 2419 geminique
1035 2339 1068 2398 et
1090 2335 1244 2419 aquariae
1267 2339 1366 2408 ortua,

321 2463 361 2505 eao
377 2460 475 2505 unum
499 2446 611 2525 pectue
634 2440 757 2506 habent
778 2440 920 2526 fideique
942 2440 1108 2506 immobile
1131 2441 1286 2523 uinclum,

321 2570 361 2613 aaa
374 2568 512 2632 magnus
536 2554 569 2612 el
591 2549 625 2613 in
647 2549 766 2615 multoe
789 2550 899 2614 ueniet
922 2570 1090 2615 euoceeeue
1113 2549 1244 2615 amicos.

375 2654 520 2740 scorpius
544 2661 576 2720 et
599 2676 716 2722 cancer
738 2656 883 2721 fraterna
905 2656 940 2721 in
964 2656 1097 2721 nomine
1119 2656 1242 2721 ducunt

375 2784 416 2827 ex
438 2767 541 2827 semet
564 2763 705 2848 genitum
728 2784 789 2829 neo
813 2784 878 2829 non
901 2770 935 2828 et
955 2762 1099 2849 pieoibue
1121 2764 1184 2829 orti

321 2892 362 2935 aaa
376 2869 574 2945 concordant
595 2869 669 2934 illia.
717 2891 814 2955 saepe
838 2876 887 2935 eet
909 2876 942 2935 el
964 2869 1119 2935 eubdolue
1143 2876 1243 2937 actuo.

373 2979 518 3063 ecorpiue
541 2979 685 3063 aspergit
706 3000 808 3043 noxae
831 2980 891 3045 cub
915 2979 1045 3044 nomine
1069 2979 1175 3043 amici.

374 3090 408 3151 at
430 3086 547 3170 quibus
569 3085 603 3151 in
626 3086 732 3151 lucem
757 3086 861 3173 piecee
884 3087 1090 3152 uenientibus
1114 3087 1242 3169 adeunt,

375 3192 425 3257 his
448 3213 513 3258 non
537 3212 602 3259 una
623 3200 735 3259 manet
757 3216 885 3281 semper
907 3195 1068 3260 sententia
1091 3196 1195 3278 cordi3

376 3306 576 3366 commutant
598 3302 724 3367 animoa
746 3301 909 3367 interdum
933 3309 965 3367 et
987 3302 1121 3368 foedera
1143 3314 1299 3390 rumpunt

323 3430 363 3473 ero
377 3429 416 3481 ac¹
438 3413 597 3493 repetunt,
622 3416 791 3495 tectaeque
813 3410 883 3474 luen
907 3410 966 3474 aub
990 3410 1097 3475 fronte
1122 3417 1291 3493 negantur.

376 3514 422 3580 eie
445 3516 507 3580 erit
529 3536 569 3581 ex
592 3518 693 3603 signia
716 3517 827 3582 odium
849 3517 909 3582 tibi
930 3538 1059 3603 paxque
1082 3519 1240 3599 notanda3

376 3620 409 3686 in
433 3624 526 3687 terrie
549 3625 650 3708 geniti
673 3626 729 3690 tali
752 3626 906 3712 sublege
929 3631 1089 3691 creantur.

430 3750 490 3795 nec
513 3732 591 3796 eatie
613 3732 674 3797 hoc
697 3738 824 3799 tantum
847 3734 923 3799 eolis
946 3734 1095 3799 inaietere
1119 3734 1234 3819 signie3

377 3835 598 3919 contemplare
622 3836 729 3903 locum
752 3838 835 3905 cccli
857 3838 1030 3922 cedentque
1053 3858 1236 3923 caporum·

324 3948 469 4028 crepante
493 3966 596 4030 genus
619 3948 759 4030 uariant,
782 3955 814 4014 et
836 3948 924 4015 uires
947 3950 1034 4014 linea
1056 3954 1168 4015 mutat.

325 4118 377 4175 615
394 4124 546 4179 mamete
565 4152 598 4162 -
612 4126 664 4180 619
676 4124 825 4195 Aecum
841 4128 972 4181 mmo
988 4124 1184 4197 haipcfflcm
1200 4125 1527 4197 ueqaegparooo-

218 4217 271 4273 620
287 4199 402 4287 pcrcdtl
417 4223 1346 4294 pcroctmpam'to-Gilum'lcammapioprooeporeo-Gid
1361 4238 1529 4279 nemaeo-

218 4326 271 4379 624
287 4324 467 4394 querellogm
482 4322 581 4378 —6‘29
597 4321 665 4377 cleele
681 4326 782 4391 atquae
795 4322 1073 4391 dotAqeeen'eoo-
1091 4321 1328 4377 Gddiumodilem
1348 4322 1481 4392 post630
1498 4319 1527 4376 in

218 4420 285 4477 edd.
305 4422 440 4491 sequitur
458 4423 507 4479 631
528 4435 642 4491 nuptae
658 4419 714 4475 erit
726 4420 840 4490 caninio
856 4437 936 4475 amor
953 4423 981 4475 ct
994 4419 1133 4476 macorda'o
1149 4419 1255 4488 deplere,
1274 4418 1373 4489 quiin
1392 4418 1529 4475 omnibns

217 4516 303 4575 libris
326 4519 721 4589 deest-633mpr'oem
744 4518 901 4587 oeoepiaao
927 4518 1150 4586 eafmenmm
1182 4546 1215 4555 —
1247 4514 1529 4586 eaeoepcmog

217 4616 821 4686 cummeneo-caesaraeae
847 4617 960 4672 nocero
987 4616 1096 4670 -eal
1122 4612 1469 4682 magnaeanum
1495 4642 1527 4650 -

218 4720 274 4773 elo
292 4717 581 4786 comaclo-641
600 4712 917 4784 ctnpcielcemig.
