3642 5259
262 438 310 504 VI

260 650 415 717 Barbara
438 688 482 699 -
506 688 548 697 -
568 652 669 730 utque
686 644 845 731 aliouid'
831 645 995 731 incipiam
1017 647 1153 731 referre,
1176 646 1271 714 mitto
1287 648 1332 713 ccl
1347 652 1378 714 te
1396 669 1460 733 per
1478 670 1572 733 urmes

261 758 412 843 buterum
431 756 652 823 Brundinum
666 753 835 821 Pisanum
852 792 893 803 -
912 792 954 802 -
970 752 1096 820 Silium
1110 754 1279 839 Italicum,
1304 754 1404 822 libros
1420 755 1452 820 V.
1470 755 1573 823 Statii

260 864 446 947 Siluorum,
471 863 550 929 item
572 861 620 929 M.
642 860 828 928 Manilium
848 861 1128 929 Astronomicum.
1168 861 1227 928 Is
1229 866 1240 944 )
1264 884 1323 947 quc
1316 861 1443 929 libros
1463 868 1572 930 trans·

204 982 207 988 “
259 971 405 1056 scripsit,
435 968 729 1056 ignorantissimus
763 968 911 1035 omnium
939 968 1131 1034 uiuentium
1154 968 1233 1053 fuit,
1262 968 1419 1035 diuinare
1448 975 1573 1053 oportet
1668 994 1671 997 ⁴

260 1101 327 1145 nan
344 1079 458 1164 tepere,
483 1078 594 1160 itaque
616 1098 699 1159 opus
721 1081 770 1142 est
790 1081 829 1141 ut
849 1074 1136 1143 transscribantur
1155 1098 1219 1160 per
1242 1075 1407 1143 hominem
1429 1077 1570 1145 doctum.

259 1184 331 1270 Epo
355 1186 420 1270 lsai
443 1206 546 1270 inque
571 1184 614 1249 aa
637 1182 741 1248 XIII
759 1182 882 1249 librum
906 1182 994 1267 Silii,
1014 1184 1123 1249 multa
1143 1183 1329 1267 emendam,
1353 1183 1403 1249 ita
1424 1190 1463 1251 ut
1486 1190 1571 1251 recte

258 1292 416 1359 scribenti
441 1291 541 1375 facile
568 1290 612 1357 sit
635 1289 761 1357 similes
785 1311 914 1357 errores
938 1289 1181 1374 deprehendere
1207 1311 1323 1375 eosque
1348 1290 1510 1377 corrigere
1533 1290 1572 1357 in

259 1398 397 1482 reliquis
421 1399 525 1481 tibris,
555 1398 666 1483 itaque
694 1398 739 1463 cla
763 1419 897 1481 operam
924 1402 963 1463 ut
991 1398 1287 1483 transscribantur,
1312 1404 1430 1484 postea
1456 1398 1571 1465 mutos

258 1507 333 1573 illos
360 1505 572 1573 Florentiam
601 1505 644 1571 acl
670 1504 860 1571 Nicolaum.
908 1503 1109 1571 Orationum
1135 1505 1211 1573 uolo
1239 1504 1292 1571 hic
1320 1506 1493 1589 exemplar
1522 1528 1570 1570 re-

258 1635 393 1680 manere
416 1652 459 1661 --
485 1652 526 1663 —-
551 1652 593 1672 -.
632 1614 719 1681 Hinc
742 1615 788 1679 ite
803 1621 1063 1700 argumentatur:
1088 1637 1154 1681 nou
1170 1616 1275 1681 uideri
1296 1616 1403 1702 ipsum
1427 1616 1571 1681 codicem

258 1725 290 1789 in
319 1724 447 1789 Italiam
474 1724 614 1802 uenisse,
649 1722 803 1807 qnoniam
834 1722 903 1787 eius
939 1744 981 1787 ne
1013 1723 1187 1807 uestigium
1218 1723 1349 1809 quidem
1377 1722 1570 1803 habeamus;

258 1830 315 1896 sed
338 1830 499 1917 Poggium
531 1828 740 1895 Constantine
770 1829 884 1895 lenisse
908 1830 1119 1915 apographon
1147 1830 1200 1895 uel
1227 1829 1412 1895 laciendum
1440 1851 1570 1895 curasse

258 1956 316 2017 per
336 1936 473 2002 scribam
492 1934 709 2018 Helueticum,
733 1937 825 2001 euius
840 1937 968 2001 litterae
989 1936 1030 2001 ab
1052 1936 1163 2002 Italico
1184 1937 1371 2002 charactere
1387 1937 1570 2022 discrepent

258 2042 366 2127 (Ellis:
397 2041 461 2110 ‘the
491 2044 815 2129 writing-somewhat
842 2045 876 2109 iu
903 2043 957 2108 the
986 2043 1104 2110 Gothic
1132 2042 1250 2130 style').
1292 2040 1487 2107 Housman:
1511 2040 1570 2108 ‘est

257 2152 375 2217 Matrit.
399 2152 482 2217 liber
506 2152 710 2237 transcriptio
739 2152 825 2217 laeta
852 2172 911 2237 per
938 2151 1102 2216 hominem
1134 2149 1286 2236 dootum'.
1339 2150 1404 2216 Sed
1436 2172 1477 2215 ex
1508 2150 1569 2215 hae

257 2259 403 2345 epistole,
427 2265 639 2346 properanter
655 2266 690 2324 ut
705 2256 746 2323 ab
762 2258 893 2323 homine
918 2263 995 2323 tuno
1011 2259 1150 2343 negotiis
1165 2258 1302 2343 publicis
1322 2258 1568 2343 occupatissimo

256 2368 384 2451 scripta,
402 2366 458 2451 qui
473 2366 650 2433 diiudicare
666 2366 776 2452 possit,
799 2372 907 2429 utrum
924 2366 1022 2429 etiam
1039 2366 1135 2429 Statii
1150 2372 1183 2430 et
1198 2364 1323 2430 Manilii
1338 2365 1465 2431 codices
1481 2366 1569 2451 ipsos

163 2526 164 2531 .
202 2464 204 2467 ’
257 2496 297 2540 66
312 2475 500 2560 apographa
511 2495 624 2540 eorum
637 2474 745 2539 neseio
758 2472 811 2537 ubi
826 2477 860 2537 66
876 2472 1026 2559 aquibus
1042 2472 1128 2537 lacta
1142 2472 1288 2557 Poggius
1304 2473 1345 2538 ed
1357 2472 1568 2538 Pranciscum

258 2581 437 2646 Barbarum
462 2580 708 2647 transcribenda
723 2580 856 2661 miserit,
880 2580 909 2645 is
932 2580 1012 2645 mihi
1034 2602 1173 2666 mugnus
1195 2581 1258 2645 erit
1280 2580 1408 2667 Apollo.
1454 2580 1568 2666 Neque

256 2710 338 2774 opus
369 2696 418 2753 est
449 2688 664 2754 dinInatione:
702 2694 813 2753 extant
844 2688 931 2753 enim
964 2689 1163 2775 exemplaris
1194 2710 1214 2753 a
1246 2688 1356 2753 codiee
1389 2688 1566 2753 Matritensi

256 2795 411 2860 fidissime
434 2796 609 2881 descripta:
643 2793 675 2877 1)
700 2796 770 2860 eod.
798 2794 941 2861 Urbinas
970 2795 1027 2860 Nr.
1051 2797 1114 2861 668
1138 2794 1247 2879 (802),
1272 2795 1308 2879 2)
1333 2796 1402 2863 666.
1427 2794 1568 2862 Urbinas

256 2902 311 2967 Nr.
330 2904 393 2967 667
411 2902 519 2986 (803),
545 2910 680 2988 uterque
702 2903 737 2969 in
765 2902 962 2968 bibliotheca
984 2904 1154 2987 Vaticana,
1181 2903 1298 2969 italicis
1326 2902 1567 2969 characteribus

257 3032 341 3075 seeo.
363 3011 426 3076 XV
451 3011 585 3097 pulchre
608 3011 761 3096 scriptus:
787 3011 904 3095 quibus
928 3011 1023 3075 tertio
1046 3010 1117 3076 loco
1141 3010 1349 3097 adiungimus
1372 3011 1524 3077 Vossiaui
1547 3012 1567 3074 2

256 3116 425 3183 Leidensis
449 3117 520 3201 (Nr.
539 3116 620 3200 390)
644 3118 780 3183 alteram
804 3124 931 3203 partem
959 3138 979 3181 s
1007 3138 1103 3183 uersu
1127 3119 1191 3183 692
1214 3118 1290 3183 libri
1313 3119 1446 3184 secundi
1475 3116 1566 3200 (nem

256 3225 344 3310 prior
370 3247 446 3311 pars
472 3226 518 3291 ita
546 3225 707 3291 consentit
733 3246 808 3289 oum
836 3222 994 3289 Vossiano
1018 3223 1035 3288 I
1060 3260 1102 3268 —
1127 3221 1219 3290 ‘miro
1245 3226 1389 3311 quodem
1413 3224 1565 3290 modain

256 3332 397 3398 minimis
436 3333 534 3398 etiam
573 3333 698 3407 erratis,
742 3337 779 3396 ut
822 3332 959 3397 alterum
999 3332 1041 3397 ab
1080 3333 1181 3397 altero
1225 3332 1421 3419 descriptum
1459 3329 1565 3421 putes’

255 3439 379 3521 Iaoob).
430 3439 538 3505 Huius
561 3460 636 3503 cum
659 3438 778 3505 Matrit.
802 3460 997 3505 consensum
1025 3439 1200 3505 illustrauit
1227 3438 1309 3505 Ellis
1337 3438 1565 3522 (Hermathen.

254 3546 275 3613 l.
296 3547 317 3611 l.
343 3544 550 3628 265-270);
579 3546 667 3611 idem
694 3567 754 3629 ego
782 3547 823 3612 de
856 3546 1014 3612 Urbinate
1042 3554 1180 3633 utroque
1209 3548 1343 3634 exposui
1374 3546 1441 3631 (W.
1473 3546 1496 3611 i.
1525 3547 1565 3612 ol.

254 3652 339 3718 Phil.
371 3655 456 3719 1904
492 3653 549 3719 Nr.
581 3652 649 3735 24).
697 3653 889 3719 Urbiuatem
923 3655 987 3719 668
1015 3653 1113 3738 (802)
1145 3655 1254 3720 littera
1291 3676 1337 3742 u„
1373 3653 1566 3721 Urbinatem

256 3763 319 3826 667
341 3758 439 3843 (803)
462 3760 570 3826 littera
601 3782 637 3847 a,
661 3760 857 3826 Bechertum
886 3760 917 3825 d.
945 3760 1055 3827 Menil.
1083 3760 1155 3827 Em.
1185 3767 1244 3827 rat
1269 3784 1342 3848 pag.
1368 3766 1407 3828 19
1436 3768 1566 3828 secutus

256 3868 376 3933 notaui.
431 3867 478 3932 Hi
511 3873 663 3952 quattuor
694 3867 769 3932 libri
806 3888 904 3932 unam
937 3876 970 3932 et
1002 3889 1021 3932 a
1053 3869 1169 3933 ceteris
1201 3868 1375 3934 distantem
1406 3868 1565 3935 familiam

255 3974 410 4039 efficiunt.
441 4010 482 4019 —
505 3972 618 4040 Pauoe
647 3974 688 4039 de
719 3974 984 4060 inscriptionibus
1015 3982 1048 4040 66
1077 3976 1368 4063 subscriptionibus
1400 3964 1567 4042 afferenda

254 4088 339 4146 sunt.
386 4079 497 4147 Primo
529 4082 612 4147 libro
645 4081 868 4147 subscribunt:
912 4082 956 4147 M.
995 4082 1162 4149 MANILI.
1203 4082 1564 4150 ASTRONOMICON.

254 4186 398 4253 LIBER.
434 4187 610 4254 PRIMUS.
645 4186 866 4253 EXPLICIT.
906 4188 1082 4255 INCIPIT.
1124 4188 1355 4257 SECUNDUS
1394 4214 1425 4256 m
1462 4214 1496 4278 ul
1529 4214 1565 4279 ¹¹2

254 4292 462 4360 EXPLICIT
490 4294 624 4361 LIBER
651 4294 817 4362 PRIMUS
847 4295 1014 4362 INCIPIT
1050 4297 1158 4365 SCDS
1187 4322 1219 4384 g,
1252 4298 1342 4365 nulla
1372 4300 1564 4387 subscriptio

109 4442 122 4469 a
255 4404 288 4468 in
311 4403 322 4466 l
346 4409 380 4468 et
401 4425 433 4485 03
462 4404 604 4469 seeundo
627 4404 726 4469 libro:
755 4402 932 4469 MANILII
954 4402 1091 4470 BOENI
1114 4405 1464 4473 ASTRCNOMICON
1479 4429 1511 4472 m
1528 4428 1564 4493 u,

254 4507 777 4597 MANLIIBOEUIu1EXPLIC.
788 4510 925 4575 LIBER
935 4510 1165 4580 SECVNDVS
1175 4512 1429 4579 PRAETATIO
1440 4512 1564 4579 LIBRI

325 4740 350 4809 ')
369 4740 401 4797 ln
420 4739 484 4798 cod.
504 4740 619 4797 venet:
638 4738 673 4796 ‘is
693 4739 849 4810 Presbyter
867 4740 920 4812 qui
938 4739 1003 4797 tibi’
1023 4772 1056 4781 -
1074 4742 1136 4799 nel:
1154 4740 1215 4816 ‘qul
1233 4743 1390 4815 Presbyter
1407 4740 1481 4800 tibi’.
