3642 5259
855 0 890 37 .
918 5 925 18 ,
954 0 964 10 .

853 76 885 117 [tf
905 71 962 114 ΤΗΕ

774 113 1039 261 „proruent

771 22 851 72 ,ΑΙ

793 292 1007 354 ΟΑῌΡΟΒ

716 370 843 434 Liber.
885 370 1031 434 1¹·-5282

381 611 510 677 semper
531 596 564 656 et
585 569 738 657 hibernae
762 592 886 675 eedem,
911 598 1106 680 certamque-
1120 594 1259 681 figuram

327 722 368 766 ooo
382 700 518 785 quisque
542 699 611 765 dieo
634 700 740 765 reddit
762 702 882 766 mundo
906 708 1093 787 certamque
1116 703 1287 788 relinquit?

381 808 446 873 iam
470 812 550 889 tum,
573 828 647 873 cum
671 807 790 874 Graiae
814 814 982 875 uerterunt
1004 809 1166 895 Pergama
1189 818 1312 897 gentes,

381 920 487 981 arctos
510 922 543 980 et
566 914 668 981 Orion
691 917 837 982 aduersis
861 916 1021 983 frontibus
1044 918 1144 1001 ibant,

380 1024 461 1089 haee
485 1027 637 1088 contentu
659 1045 734 1088 euos
758 1024 791 1089 in
815 1025 937 1091 uertice
960 1026 1091 1091 flectere
1113 1048 1220 1113 gyros,

378 1130 433 1195 ille
456 1153 496 1195 ex
519 1130 648 1196 diuerso
672 1136 853 1197 uertentem
877 1154 1011 1218 surgere
1034 1141 1146 1199 contra

326 1262 367 1304 son
381 1240 497 1305 obuius
521 1244 553 1304 et
576 1245 643 1304 toto
668 1260 796 1327 semper
819 1241 992 1307 decurrere
1014 1242 1147 1307 mundo.

380 1354 592 1433 temporaque
617 1346 772 1412 obscurae
795 1350 899 1415 noctis
923 1350 1123 1435 deprendere
1146 1350 1247 1435 signis

381 1456 445 1521 iem
468 1461 629 1541 poterant,
654 1456 845 1542 coelumque
869 1479 944 1523 suus
968 1457 1159 1523 distinxerat
1180 1460 1286 1523 horas.

381 1568 460 1647 quot
481 1569 555 1649 post
578 1564 739 1628 excidium
763 1564 881 1630 Troiae
905 1573 981 1630 suut
1003 1572 1096 1629 eruto
1119 1566 1234 1651 reguo!

382 1678 461 1755 quot
484 1670 569 1756 capti
592 1666 717 1756 populi!
766 1673 916 1756 quotiens
938 1672 1070 1737 fortuna
1091 1694 1151 1758 per
1173 1674 1284 1738 orbem

326 1800 367 1843 oro
381 1778 549 1843 seruitium
571 1778 808 1865 imperiumque
832 1779 905 1844 tulit
928 1782 1083 1867 uarieque
1106 1780 1254 1845 reuertit!

380 1887 538 1953 Troianos
563 1887 686 1952 eineres
710 1888 743 1951 in
768 1894 924 1972 quantum
948 1889 1048 1953 oblito
1070 1889 1190 1954 refouit

379 1994 566 2080 imperium!
614 1994 689 2060 fatis
711 1993 811 2060 Asiae
834 1996 899 2060 iam
924 1995 1064 2061 Graecia
1085 2017 1198 2082 pressa
1220 2002 1279 2061 est.

381 2102 511 2167 saecula
533 2102 739 2167 dinumerare
763 2104 860 2188 piget,
886 2104 1100 2188 quotiensque
1123 2124 1293 2168 recurrens

379 2210 526 2274 lustrarit
548 2210 705 2274 muudum
729 2211 819 2275 uario
843 2211 891 2275 sol
915 2211 1030 2296 igneus
1054 2212 1141 2276 orbe.

328 2342 368 2383 515
382 2319 491 2383 omniu
514 2319 643 2383 mortali
666 2324 833 2383 mutantur
855 2318 929 2403 lege
953 2325 1072 2400 creato,

321 2460 324 2467 ⁴
381 2448 441 2491 nec
465 2447 500 2489 se
523 2432 722 2510 cognoscunt
745 2412 1087 2505 terroe‚'uertentibus
1110 2428 1203 2491 annis

378 2541 491 2599 exutas
514 2535 641 2599 uarium
664 2534 781 2599 faciem
805 2555 863 2620 per
886 2534 1017 2599 saeculo
1040 2540 1162 2619 gentes.

382 2649 415 2707 at
436 2648 547 2706 munet
569 2641 738 2707 incolumis
762 2642 902 2707 mundus
926 2664 1049 2727 suaque
1072 2642 1181 2706 omnia
1204 2647 1324 2723 seruat,

383 2771 465 2835 quae
489 2770 548 2814 nec
572 2749 670 2835 longa
694 2750 763 2813 dies
787 2758 885 2835 auget
907 2750 1066 2815 minuitue
1090 2756 1248 2832 senectus,

329 2879 369 2921 aro
383 2878 441 2922 neo
464 2864 571 2922 motus
593 2863 713 2943 puncto
737 2864 853 2923 curuut
876 2880 1031 2923 cureusue
1054 2857 1183 2942 fatigat:

382 2965 468 3030 idem
491 2987 620 3051 semper
643 2965 715 3045 erit,
740 2967 895 3051 quoniam
918 2988 1047 3052 semper
1069 2966 1132 3031 fuit
1151 2966 1246 3032 idem.

383 3094 448 3138 uon
471 3073 570 3137 alium
594 3072 706 3138 uidere
730 3080 838 3160 potres
863 3074 1005 3139 aliumue
1027 3079 1162 3159 nepotes

383 3180 553 3267 aspicient:
577 3181 738 3263 deusest,
762 3181 818 3267 qui
842 3204 906 3247 non
931 3188 1075 3248 mutatur
1097 3184 1131 3246 in
1155 3202 1247 3247 aeuo.

383 3310 559 3374 numquam
583 3298 786 3355 transuersas
810 3290 911 3354 solem
935 3290 1108 3354 decurrere
1131 3289 1173 3354 ad
1196 3294 1302 3353 arctos

329 3416 442 3461 oroneo
465 3402 591 3462 mutare
614 3397 685 3461 uias
709 3402 742 3462 et
763 3398 797 3461 iu
821 3403 928 3462 ortum
951 3403 1078 3462 uertere
1102 3418 1215 3462 cursus

384 3525 598 3590 auroramque
621 3506 714 3570 nouis
737 3512 925 3570 nascentem
949 3505 1246 3586 ostenderemus,

383 3634 443 3676 neo
465 3612 576 3677 lunam
600 3620 704 3677 certos
728 3612 883 3677 excedere
905 3612 1037 3677 luminis
1060 3613 1155 3677 orbes

384 3718 440 3783 sed
464 3740 595 3785 seruere
618 3720 760 3801 modurn,
786 3742 849 3805 quo
875 3726 1001 3785 crescat
1022 3741 1129 3806 quoue
1152 3720 1291 3801 recedat,

331 4013 380 4067 501
402 4010 490 4068 Graio
501 4016 660 4069 errertemmt
670 4011 703 4069 lc
718 4012 793 4083 prote
809 4017 970 4068 morter-unt
982 4027 1011 4067 rn
1028 4012 1150 4120 proteum
1138 4015 1279 4067 mrtenmr
1291 4026 1310 4081 g
1324 4028 1376 4081 per
1393 4028 1492 4081 cmpos
1504 4026 1533 4065 m

223 4118 267 4185 (in
281 4132 374 4188 marg.
387 4122 519 4185 corr.-)
532 4092 1341 4204 5055515113ανσιόεοανε1οε111-505οε513-500
1356 4117 1535 4187 deprtttderel

223 4216 419 4287 deprehendere
437 4232 466 4272 111
495 4216 657 4288 deprendere
677 4233 779 4288 go-
809 4220 860 4273 507
882 4221 1089 4287 poteratg—
1117 4220 1169 4273 508
1194 4216 1263 4286 qrsod
1280 4216 1348 4271 lmc
1374 4220 1473 4286 quctg
1499 4244 1535 4254 -

224 4318 276 4371 509
289 4314 358 4385 quod
370 4315 437 4370 lom
449 4319 540 4385 quotg
554 4346 587 4355 —
601 4318 653 4371 515
664 4314 771 4385 prettcl
782 4316 871 4385 precio
881 4330 934 4385 gm
947 4296 1332 4383 -5141551ωνξ111055011
1343 4330 1369 4369 m
1383 4315 1536 4382 trutruritg

223 4415 423 4471 leotraretc-
437 4416 587 4469 516uunos
600 4416 741 4469 111--511
758 4412 845 4482 imitere
858 4413 994 4483 (initialis
1007 4412 1535 4481 ᾶεοεῐ)1ωιιωμιιιηαήωαιῑιω

223 4512 265 4577 (iu
295 4527 386 4582 marg.
414 4527 488 4567 corr.
518 4516 612 4567 eaerrtus
638 4511 818 4578 cauam)-
849 4514 899 4569 519
928 4511 1182 4580 rniooitqueo-
1208 4510 1261 4566 550
1278 4498 1394 4577 pdrftol
1416 4514 1537 4579 poutog

223 4614 324 4681 porreto
342 4626 392 4667 om
410 4614 506 4666 currat
522 4610 553 4665 lo
576 4612 799 4679 1150053111-
825 4614 874 4666 551
894 4612 953 4679 suit
970 4608 1051 4663 isidero
1071 4608 1082 4663 l
1102 4609 1174 4663 idem
1189 4624 1205 4663 c
1222 4606 1307 4663 isdem
1326 4622 1356 4661 m
1374 4608 1445 4663 idem
1464 4623 1484 4678 g
1504 4634 1536 4645 —

224 4710 277 4765 555
296 4708 459 4765 alirunseo.

278 4832 387 4875 maun.
405 4834 425 4875 u
1433 4812 1449 4863 2
