3642 5259
709 385 794 442 liber
811 385 860 443 Ill.
897 388 1049 445 936-963.

379 623 439 667 neo
462 608 621 669 nocturna
642 604 749 669 minus
773 604 902 669 canant
924 625 1023 691 quam
1045 611 1193 691 tempora
1214 606 1305 681 lueis,

378 710 435 775 sed
459 716 584 775 tuntum
608 712 754 777 aduersis
776 712 864 777 idem
887 718 951 777 stet
974 713 1140 779 mensibus
1164 714 1252 781 ordo.

324 839 365 885 seo
379 818 412 882 iu
436 824 502 883 tem
525 818 673 883 dissimili
697 820 800 905 spatio
824 820 988 905 uariisque
1011 820 1138 885 dierum

379 925 632 1012 umbrarumque
655 928 759 993 modis
783 927 856 1013 quis
878 928 982 1014 possit
1004 928 1137 994 eredere
1160 928 1193 994 in
1217 930 1314 995 horas

379 1034 489 1097 omnia
510 1025 605 1119 sigua
627 1035 699 1119 pari
721 1035 835 1100 muudi
856 1036 917 1100 sub
941 1036 1014 1120 lege
1038 1035 1191 1101 manere?

379 1139 463 1204 adde
487 1140 574 1225 quod
595 1142 719 1207 incerte
742 1149 792 1208 est
814 1142 914 1209 horae
936 1164 1100 1225 mensura,
1124 1165 1230 1229 neque
1254 1145 1353 1209 ullam

380 1246 483 1312 altera
505 1269 565 1332 par
587 1250 743 1334 sequitur,
767 1250 824 1315 sed
848 1250 932 1315 sicut
956 1271 1083 1316 summa
1106 1251 1231 1317 diorum

326 1375 367 1419 oso
382 1355 527 1431 uertitur,
552 1361 585 1420 et
606 1363 714 1442 partes
738 1364 876 1443 surgunt
897 1379 1074 1443 rursusque
1098 1359 1267 1440 recedunt;

379 1483 454 1526 eum
478 1464 643 1529 tamenin
667 1458 872 1551 quocumque
895 1466 965 1531 dies
988 1465 1159 1532 deducitur
1183 1473 1280 1547 astro,

380 1590 437 1634 sex
460 1570 579 1635 hebeat
601 1594 701 1659 snpra
723 1580 837 1656 terres,
862 1595 918 1638 sex
941 1573 1035 1659 sigua
1058 1575 1118 1639 sub
1141 1575 1220 1654 illis3

380 1698 444 1763 quo
468 1678 513 1762 fit,
538 1681 629 1745 utin
653 1682 747 1746 binas
770 1702 835 1746 non
858 1682 985 1767 possint
1007 1682 1117 1747 omnie
1140 1683 1240 1765 nasci,

380 1807 455 1851 oum
478 1788 618 1873 spatium
641 1810 707 1853 uon
730 1790 773 1854 sit
794 1795 921 1854 tentum
944 1790 1164 1875 pugnantibus
1187 1790 1284 1873 horis,

326 1916 367 1959 ase
381 1894 409 1958 si
432 1895 527 1960 modo
550 1896 600 1961 bis
622 1918 720 1962 senae
744 1903 916 1963 seruantur
939 1897 1011 1962 lnce
1035 1898 1095 1963 snb
1119 1899 1216 1963 omni.

381 2023 479 2087 quem
503 2025 675 2069 numerum
697 2006 795 2072 debet
816 2006 909 2085 retio,
934 2005 991 2071 sed
1014 2027 1079 2071 non
1103 2006 1190 2092 oepit
1213 2026 1299 2071 usus.

435 2132 494 2176 nec
517 2112 576 2178 tibi
600 2115 794 2179 constabunt
816 2113 910 2179 aliter
933 2114 1072 2199 uestigia
1095 2115 1175 2199 ueri,

381 2219 426 2300 ni,
449 2218 555 2285 lucem
578 2228 772 2307 noctemque
794 2222 882 2307 paris
905 2222 1070 2286 dimensus
1093 2222 1126 2286 in
1150 2221 1256 2296 horas,

381 2326 414 2392 in
438 2333 594 2413 quantum
619 2330 710 2393 uario
733 2333 867 2415 pateant
889 2328 950 2393 sub
973 2334 1118 2414 tempore
1141 2328 1239 2393 noris.

328 2434 560 2520 aeoreguloqne
584 2442 698 2501 exacte
720 2436 861 2521 primum
884 2435 1041 2501 formetur
1063 2436 1097 2501 in
1120 2436 1211 2517 hora,

383 2564 466 2627 quae
490 2543 661 2629 signetque
684 2544 769 2608 diem
793 2543 904 2608 sedem
927 2544 1108 2629 perpendat
1129 2548 1162 2607 et
1186 2543 1318 2608 umbris.

381 2649 462 2714 haee
486 2652 557 2732 erit,
581 2651 614 2714 in
637 2650 722 2715 libra
744 2672 818 2714 oum
842 2650 948 2715 lucem
972 2650 1103 2715 uincere
1127 2656 1237 2715 noctes

381 2757 541 2843 incipiunt
563 2757 616 2821 nel
639 2778 714 2822 oum
738 2757 844 2823 medio
869 2757 1047 2823 concedere
1070 2780 1158 2823 uere.

382 2870 459 2930 tnnc
482 2865 602 2930 etenim
626 2866 731 2931 solum
755 2866 803 2932 bis
827 2861 1092 2951 senasjtempore
1115 2866 1148 2931 iu
1172 2865 1268 2931 horas

329 2996 369 3039 sss
382 2994 487 3059 seque
511 2979 632 3059 patent,
656 2973 762 3049 medio
786 2974 873 3060 quod
897 2975 998 3039 currit
1019 2972 1172 3040 Phoebus
1196 2974 1344 3059 Olympo.

381 3082 409 3146 is
433 3102 507 3146 oum
530 3103 590 3167 per
612 3081 737 3167 gelidas
760 3081 883 3147 hiemes
907 3081 1075 3147 submotus
1098 3082 1131 3147 in
1155 3087 1281 3147 austros

382 3190 487 3275 fulget
508 3188 542 3253 iu
566 3196 683 3254 octaua
706 3190 886 3275 capricorni
908 3196 1001 3275 parte
1025 3190 1183 3273 biformis,

382 3302 459 3362 tuuc
483 3303 621 3381 anguste
644 3297 714 3362 dies
738 3298 879 3363 uernalis
901 3296 1006 3363 fertur
1028 3297 1063 3362 in
1087 3298 1183 3363 horas

381 3405 548 3470 dimidiam
572 3412 669 3491 atque
692 3426 827 3484 nouem;
851 3404 908 3469 sed
932 3426 997 3470 uox
1020 3405 1121 3470 oblita
1143 3405 1208 3469 diei

328 3534 369 3576 eso
383 3512 432 3576 bis
455 3518 579 3597 septem
603 3513 761 3597 apposita,
785 3534 941 3577 numerus
964 3534 1004 3577 ne
1028 3513 1197 3595 claudicet,
1221 3514 1301 3577 hore

383 3620 525 3684 dimidie.
572 3620 618 3683 sie
641 3626 676 3684 tu
701 3620 866 3685 duodenas
890 3621 955 3685 exit
979 3625 1163 3705 utrumque,

383 3734 415 3820 et
436 3727 522 3792 redit
543 3728 576 3792 in
600 3727 739 3793 solidum
762 3734 899 3793 naturae
922 3729 1052 3794 condite
1075 3750 1210 3792 summa.

381 3834 458 3899 inde
482 3835 603 3899 eadunt
625 3841 747 3916 noctes,
771 3842 972 3920 surguntque
995 3836 1029 3899 in
1052 3842 1199 3920 tempora
1223 3836 1322 3916 luces,

331 4122 384 4175 936
401 4121 462 4189 qrsie
478 4122 537 4177 oitl
555 4136 668 4177 ceraso
688 4150 721 4159 -
742 4122 794 4175 939
813 4137 924 4175 massere
941 4134 957 4175 o
976 4148 1009 4157 -
1028 4122 1081 4176 938
1095 4113 1253 4176 imertlsml
1271 4150 1304 4158 -
1318 4122 1369 4176 939
1385 4133 1484 4189 pareo
1501 4148 1536 4155 -

220 4223 276 4277 949
293 4197 364 4289 eedl
380 4218 458 4289 κάς
474 4235 584 4275 seacm
603 4248 635 4257 -
654 4220 706 4274 943
725 4218 816 4289 quedl
836 4218 945 4288 quodm
963 4218 1041 4274 sitm
1060 4218 1226 4274 indiacum
1244 4248 1276 4257 -
1296 4220 1346 4273 944
1366 4218 1484 4273 oriecm
1505 4245 1535 4253 -

220 4322 276 4375 946
288 4334 342 4372 usu
351 4332 379 4372 m
392 4346 424 4355 --
435 4319 504 4373 aute
516 4320 568 4372 947
581 4317 614 4372 de
625 4334 756 4373 socnam
769 4321 918 4385 temporam
930 4321 958 4372 et
968 4318 1104 4386 εἰφηονιιηι
1115 4332 1166 4385 gm
1183 4316 1271 4386 (idem
1283 4317 1313 4371 in
1326 4314 1457 4385 margine
1467 4313 1488 4380 l>
1504 4344 1535 4352 -
1590 4334 1593 4339 ¹

219 4420 277 4474 948
285 4406 384 4485 portel
397 4416 476 4484 posia
485 4431 539 4484 gm
552 4430 661 4485 porcae
677 4416 854 4471 demmin
869 4445 902 4455 -
916 4418 968 4471 949
979 4397 1073 4483 uollol
1086 4448 1121 4457 -
1134 4416 1187 4471 950
1197 4416 1366 4484 formaturg
1382 4414 1489 4468 leaeo
1504 4442 1536 4450 -

219 4517 273 4571 951
301 4513 454 4584 memqsoe
466 4513 535 4582 lgm
563 4529 745 4583 eemaeorqnec
772 4513 877 4570 diemo
903 4514 1020 4569 serkmo
1046 4513 1186 4567 caedraco
1211 4542 1244 4551 -
1268 4514 1319 4565 954
1340 4516 1484 4579 temporeo
1507 4538 1537 4548 -

218 4614 277 4669 956
294 4611 337 4666 te
350 4611 419 4665 lmc
439 4613 497 4681 teg
518 4611 818 4666 commentatore
840 4614 913 4666 astro
928 4626 945 4666 o
962 4645 997 4653 —
1015 4612 1068 4665 958
1085 4608 1235 4665 mesaliae
1253 4638 1285 4647 -
1308 4609 1359 4663 959
1377 4606 1492 4662 dimidia
1510 4622 1537 4661 m

93 4746 98 4753 ·
215 4708 323 4783 intel
342 4737 372 4747 -
388 4711 437 4768 961
459 4708 608 4779 dimidiaql
626 4708 740 4779 willitl
759 4706 926 4766 utmmlusl
946 4738 978 4748 -
999 4710 1050 4765 969
1069 4708 1220 4762 acerram.
1532 4712 1536 4723 ·
