3642 5259
814 374 899 431 Liber
919 375 937 430 l.
975 376 1126 434 rel-314.

474 614 595 680 perque
619 592 725 677 ipsum
749 598 855 658 terrae
879 592 1028 659 derectus
1051 594 1194 659 constitit
1217 596 1339 661 orbem.

420 726 460 769 555
475 722 534 767 nec
558 722 635 766 uero
660 722 677 764 e
701 700 804 765 solido
827 706 914 765 stant
936 701 1055 766 robora
1078 704 1221 788 corporis
1244 702 1291 767 illi

475 830 534 874 nec
558 828 659 893 graue
681 808 809 893 pondus
832 808 941 890 habet,
965 808 1052 893 quod
1075 830 1157 874 onus
1180 810 1265 874 ferat
1287 811 1426 876 aetheris
1450 812 1520 891 alti3

474 917 530 981 sed
555 937 628 981 cum
652 937 709 981 aer
731 915 837 981 omnis
860 937 989 1001 semper
1011 916 1163 981 uoluatur
1184 919 1218 982 in
1242 918 1365 1000 orbem,
1421 912 1425 919 ’

474 1045 603 1110 quoque
626 1024 726 1088 semel
750 1024 865 1108 coepit,
889 1029 975 1088 totus
1000 1024 1087 1088 uolet
1110 1025 1253 1111 undique
1275 1026 1308 1091 in
1332 1026 1450 1112 ipsum,

474 1132 701 1217 quodcumque
724 1132 758 1196 in
781 1131 888 1196 medio
913 1138 971 1212 est,
996 1132 1083 1197 circa
1104 1133 1191 1218 quod
1214 1140 1331 1199 cuncta
1353 1142 1536 1215 mouentur,

420 1262 460 1305 aso
474 1261 577 1325 usque
601 1240 681 1304 ndeo
705 1245 812 1319 tenue,
837 1244 873 1303 ut
896 1240 980 1304 uerti
1002 1262 1068 1305 non
1090 1241 1192 1326 possit
1213 1241 1248 1305 in
1272 1242 1378 1327 ipsum

474 1370 533 1412 nec
557 1350 622 1413 iam
646 1347 794 1412 inclinari
818 1369 875 1412 nec
900 1368 935 1411 se
959 1354 1148 1413 conuertere
1171 1349 1205 1413 in
1229 1351 1351 1430 orbem,

473 1456 535 1520 hcc
558 1456 667 1520 dixere
691 1476 795 1536 anem,
819 1456 896 1540 quia
918 1462 1042 1520 motum
1066 1477 1130 1520 non
1154 1456 1253 1521 habet
1276 1457 1388 1540 ullum,

473 1565 542 1649 ipse
566 1563 655 1629 uidet
678 1563 764 1627 circa
787 1563 957 1628 uolitantis
979 1571 1096 1627 cuncta
1119 1565 1253 1629 moueri.

473 1692 600 1735 summa
623 1676 734 1735 tenent
756 1671 826 1735 eius
850 1671 976 1735 miseris
999 1671 1167 1736 notissima
1189 1673 1297 1738 nautis

419 1802 459 1847 555
473 1779 567 1864 signa
590 1798 648 1863 per
671 1778 853 1843 inmensum
878 1778 1012 1863 cupidos
1035 1778 1188 1845 ducentia
1209 1786 1358 1865 pontum:

473 1887 694 1971 maioremque
718 1884 832 1950 Helice
856 1887 960 1950 maior
982 1886 1159 1951 decirciuat
1182 1909 1303 1967 arcum,

474 2000 597 2079 septem
621 1994 709 2057 illam
734 1994 846 2058 stellae
870 2000 1031 2058 certantes
1054 1978 1176 2059 lumine
1199 1996 1338 2081 signant,

472 2123 537 2187 qua
560 2102 642 2166 duce
665 2122 723 2188 per
746 2100 863 2166 fluctus
887 2101 1007 2167 Graiae
1031 2102 1109 2167 dant
1131 2103 1205 2167 uela
1229 2105 1368 2168 carinae.

473 2215 611 2293 angusto
636 2207 805 2295 Cynosura
827 2209 937 2274 breuis
962 2216 1129 2295 torquetur
1153 2212 1186 2274 in
1209 2212 1286 2276 orbe

418 2340 459 2383 eoo
473 2338 571 2403 quam
595 2318 709 2402 spatio,
733 2324 800 2381 tam
823 2318 896 2381 luce
920 2318 1040 2397 miuor;
1064 2318 1120 2383 sed
1145 2318 1251 2382 iudice
1275 2318 1376 2382 uincit

474 2426 630 2489 maiorem
653 2423 761 2509 Tyrio.
808 2424 927 2489 Poenis
950 2425 1031 2489 haec
1055 2427 1173 2490 certior
1195 2430 1308 2489 auctor

473 2554 538 2598 non
562 2538 772 2618 apparentem
796 2533 911 2618 pelago
937 2532 1167 2618 quaerentibus
1191 2533 1312 2598 orbem.

472 2662 532 2705 nec
556 2641 687 2726 paribus
711 2641 835 2727 positae
860 2648 935 2707 sunt
958 2641 1133 2722 frontibus3
1158 2648 1294 2727 utraque
1318 2642 1456 2707 caudam

473 2749 578 2835 uergit
601 2748 634 2813 in
659 2749 791 2814 alterius
815 2758 920 2815 rostro
944 2750 1154 2835 sequiturque
1177 2756 1377 2835 sequentem.

418 2857 532 2923 ecchas
555 2858 640 2921 inter
663 2858 754 2921 fusus
778 2858 965 2943 circumque
989 2858 1157 2942 amplexus
1180 2864 1351 2943 utramque

472 2965 588 3030 diuidit
610 2971 643 3029 et
665 2964 766 3049 cingit
788 2965 888 3029 stellis
913 2965 1101 3031 ardentibus
1124 2966 1251 3049 anguis,

473 3094 514 3137 ne
538 3078 653 3137 coeant
677 3072 836 3137 abeantue
859 3073 926 3136 uuis
950 3093 970 3136 a
993 3071 1124 3135 sedibus
1148 3092 1311 3156 umquam.

472 3180 559 3245 hunc
582 3180 667 3244 inter
689 3179 896 3263 mediumque
920 3178 1042 3259 orbem,
1067 3199 1130 3262 quo
1154 3178 1262 3243 sidera
1284 3185 1408 3264 septem

471 3310 531 3375 per
554 3288 603 3353 bis
626 3308 706 3352 sena
729 3286 841 3351 uolunt
863 3292 976 3350 contra
999 3286 1135 3350 nitentia
1158 3287 1261 3371 signa,
1510 3280 1513 3285 ’

418 3420 459 3461 555
472 3395 574 3461 mixta
596 3416 637 3459 ex
659 3394 796 3459 diuersis
821 3398 1020 3475 consurgunt
1042 3393 1166 3458 uiribus
1189 3400 1277 3459 astra

473 3504 548 3569 hinc
572 3502 679 3567 uicina
701 3502 775 3588 polo
800 3500 989 3585 Phoebique
1011 3500 1087 3565 hinc
1109 3502 1258 3587 proxima
1280 3502 1434 3584 flammis3

471 3632 555 3697 quae
567 3610 656 3695 ,quia
678 3607 854 3690 dissimilis,
879 3629 944 3693 qua
969 3614 1101 3694 pugnat,
1126 3616 1285 3695 temperat
1307 3631 1373 3693 aer,

472 3718 667 3804 frugiferum
691 3717 750 3782 sub
774 3738 809 3781 se
832 3716 973 3781 reddunt
992 3718 1183 3783 mortalibus
1206 3720 1327 3784 orbem.

471 3827 618 3912 proxima
641 3825 789 3911 frigentis
811 3830 917 3889 arctos
941 3825 1138 3910 boreamque
1161 3826 1321 3912 rigentem

334 4080 336 4085 ’
420 4096 472 4151 984
486 4096 634 4151 directore
647 4094 804 4165 monoptota
819 4122 850 4131 —
865 4093 917 4149 285
931 4108 1029 4150 ccorr.
1044 4109 1073 4149 m
1087 4107 1123 4150 55
1136 4094 1369 4150 5555555505555
1382 4094 1623 4151 euisceratam

312 4198 365 4252 eie
375 4194 405 4250 in
417 4192 549 4264 margine
560 4192 598 4248 ad
608 4192 662 4248 994
670 4194 716 4249 Dc
724 4194 884 4263 arpoucutis
893 4192 903 4247 l
911 4207 940 4247 m
951 4222 984 4231 -
995 4194 1048 4247 994
1057 4194 1208 4249 uouemere
1217 4206 1247 4247 m
1258 4220 1290 4229 —
1302 4192 1354 4247 995
1363 4191 1583 4263 inmmmlgm
1591 4220 1623 4229 -

312 4296 364 4349 296
383 4294 486 4349 belioco
499 4306 527 4347 m
548 4306 583 4347 55
602 4292 729 4347 aroldum
748 4304 820 4347 corr.
839 4309 937 4347 arerem
953 4305 981 4345 m
1001 4295 1111 4346 arctum
1125 4306 1146 4342 5
1167 4314 1200 4327 ·-
1220 4292 1272 4345 998
1288 4291 1371 4361 qraiu
1389 4305 1418 4345 m
1436 4292 1530 4346 carine
1542 4305 1570 4345 m
1593 4319 1624 4327 -

313 4394 364 4447 999
387 4393 477 4447 orbem
496 4390 535 4457 (m
552 4387 669 4445 addidit
686 4388 842 4455 corrector)
861 4404 890 4444 m
909 4388 954 4456 (L)
973 4391 1036 4445 orbo
1052 4404 1073 4440 5
1090 4418 1125 4426 -
1143 4388 1195 4443 309
1215 4390 1278 4444 orbe
1294 4403 1324 4442 m
1342 4386 1421 4452 (add.
1440 4402 1512 4443 5555.
1530 4397 1569 4453 m)
1591 4418 1623 4425 -

312 4489 422 4545 551305
445 4490 491 4545 Dc
509 4486 628 4558 Aepucl
646 4489 833 4557 interfuerug
852 4488 925 4541 iuter
937 4488 1020 4555 furtu
1032 4501 1053 4537 u
1073 4514 1106 4523 -
1128 4485 1180 4540 307
1199 4484 1347 4541 coedibrul
1365 4485 1623 4606 “effflqffieffilf'

312 4617 340 4669 in
361 4614 465 4683 marg.)
484 4642 516 4651 -
535 4614 587 4669 309
609 4614 729 4669 15555595
748 4626 820 4667 5555.
840 4626 874 4666 55
893 4613 1015 4666 mentia
1027 4625 1056 4665 m
1080 4640 1112 4648 -
1137 4612 1187 4665 311
1211 4612 1309 4665 555555
1328 4625 1357 4665 m
1383 4611 1439 4665 solo
1461 4611 1505 4664 bic
1526 4611 1577 4665 ccli
1594 4624 1623 4665 m

309 4715 367 4786 poli
385 4714 487 4783 celique
499 4729 520 4765 ω
541 4746 574 4754 -
593 4712 646 4769 314
664 4712 795 4782 fn'ycatsb
808 4724 836 4765 m
854 4711 988 4780 sriqcatea
999 4724 1021 4760 ω
1039 4712 1175 4779 reportem
1186 4723 1225 4763 m.
